2730 4838
249 235 334 328 sss
539 204 1030 322 monumenta-nu

594 415 982 513 §.retunsus
1086 417 1093 429 ·

266 545 277 658 ζ
352 583 485 664 Omnia
517 583 714 660 animantia
741 585 868 675 bruta,
900 585 926 662 fi
954 581 1107 678 Capram
1136 575 1312 680 excipias,

253 685 403 768 herbam
431 683 697 774 abhorrenti).

354 826 478 901 Unico
510 839 635 916 autem
670 825 831 917 InsediO,
870 829 1059 904 Phalanom
1091 820 1312 898 Tortricem

226 915 440 1006 :isunnam
467 921 522 1012 m)
548 942 660 1020 puta,
693 941 867 1020 quantum
896 926 1013 998 adhuc
1042 919 1205 1010 constat,
1237 921 1309 995 ho-

251 1023 398 1118 spitium
423 1025 572 1116 praebet.
622 1021 733 1099 Unde
755 1039 798 1096 ut
822 1021 962 1098 infestis
985 1023 1019 1094 dr
1041 1018 1231 1113 pecoribus
1249 1019 1308 1092 in-

250 1121 406 1198 serviret
431 1122 632 1210 alimento,
659 1145 681 1196 a
701 1137 831 1198 natura
848 1143 924 1196 non
946 1119 1094 1193 videtur
1117 1115 1302 1190 destinata.

254 1219 354 1318 Quid
378 1219 462 1292 ideo
492 1219 646 1312 aequius,
675 1219 759 1314 quid
792 1217 1102 1305 convenientius,
1132 1214 1218 1309 quid
1248 1215 1307 1286 de·

250 1319 362 1412 nique
383 1317 627 1412 probabilius,
652 1341 759 1414 quam
786 1317 918 1390 exinde
938 1313 1186 1400 concludere,
1210 1312 1308 1388 illam

251 1411 325 1490 elie
351 1431 528 1506 creatam,
555 1439 631 1511 quae
648 1417 723 1492 usui
745 1415 937 1494 inserviret
959 1413 1080 1490 forsan
1103 1412 1217 1507 longe
1243 1431 1308 1506 po-

250 1511 375 1626 ciori?
478 1589 481 1596 ,
692 1534 697 1544 ‘

264 1643 271 1754 ζ
346 1640 545 1740 Nonnullae
570 1657 643 1749 jam
679 1635 811 1730 dudum
839 1653 915 1748 ejus
947 1650 1108 1724 virtutes
1135 1669 1155 1722 a
1182 1647 1309 1724 multis

249 1754 332 1834 sunt
348 1755 526 1843 laudatae,
553 1754 761 1846 &majores
784 1750 928 1846 quinin
948 1749 1090 1824 scenam
1108 1745 1304 1840 producet,

247 1875 326 1932 non
353 1853 404 1926 est
430 1852 527 1942 quod
553 1846 782 1940 dubitemus,
814 1849 874 1924 cui
895 1867 1045 1944 operam
1071 1843 1203 1920 inillis
1228 1864 1306 1919 eru·

122 1969 125 1977 ’
249 1949 353 2038 endis
376 1949 561 2028 collocare
587 1951 725 2044 volupe
749 1947 874 2040 fuerit.

1358 2027 1359 2060 l

342 2091 443 2166 Ledi
461 2095 581 2164 autem
612 2092 820 2189 ignorantia
850 2094 1079 2168 ferevomnes
1106 2085 1308 2164 Medicina

92 2219 105 2240 f
236 2191 403 2281 antique
421 2187 627 2280 Scriptores
646 2191 743 2282 cepit
752 2241 771 2278 ‚1
793 2189 920 2285 &quae
935 2187 981 2260 de
996 2185 1060 2258 illo
1081 2187 1177 2258 certi
1200 2187 1302 2262 novi·

177 2377 191 2382 .,
245 2309 350 2381 mus,
364 2284 483 2401 'unice
507 2286 708 2362 recentiori
734 2288 907 2364 debemus
929 2281 1054 2372 aetati3
1086 2281 1125 2358 δι
1149 2285 1296 2369 suntse-

244 2399 409 2482 quentia.

519 2597 644 2678 usus
674 2597 1031 2686 orconouucn
1076 2543 1081 2556 ’

337 2749 370 2827 Ι.
403 2751 521 2827 Tium
536 2753 570 2826 ur
585 2747 720 2828 alarias
735 2753 859 2848 pellit,
885 2749 976 2826 teste
997 2749 1227 2841 Mattbi0103
1252 2751 1302 2826 ob

241 2871 348 2945 quam
366 2849 544 2923 virtutem
561 2849 717 2937 abillis,
742 2850 800 2943 qui
824 2849 869 2923 de
890 2849 995 2922 Ledo
1018 2848 1102 2940 quid
1126 2848 1300 2936 docuere,

240 2947 282 3022 in
306 2945 411 3018 laude
442 2947 596 3020 habetur
626 2949 755 3037 multa.
813 2947 862 3020 Et
886 2946 935 3026 D.
966 2947 999 3042 J.
1021 2945 1069 3025 G.-
1097 2945 1298 3034 Gleditsch,

241 3044 423 3130 celeberr,
447 3043 546 3119 Prof.
570 3043 729 3119 Berolin.
757 3045 906 3119 herbam
922 3045 960 3120 in
982 3044 1197 3138 quibusdam
1209 3044 1299 3119 Ger-

238 3139 574 3330 }naniae)officinis‚
594 3142 641 3218 ad
662 3141 779 3220 tineas
800 3142 1017 3241 abigendas,
1043 3143 1222 3219 collocari
1242 3166 1301 3217 re·

258 3250 315 3320 ert
342 3263 365 3314 n
389 3297 399 3318 .
529 3269 531 3274 ’
1181 3313 1186 3322 .

334 3353 385 3430 II.
418 3359 591 3447 cimicibus
615 3357 739 3434 odiosa
755 3356 807 3432 est
828 3357 951 3434 herba.
1000 3354 1133 3430 Multis
1154 3357 1194 3431 in
1211 3354 1298 3430 Sue·

130 3473 133 3480 ’
239 3448 305 3524 ciae
317 3453 549 3547 provinciis,
573 3455 636 3529 ubi
659 3455 777 3540 faetidi
799 3455 947 3533 cimices
970 3451 1102 3552 cubilia
1124 3453 1161 3528 dc
1182 3455 1294 3550 parie-

1237 3567 1293 3627 tes

278 3811 307 3896 l)
324 3818 400 3917 yid.
427 3825 502 3890 Pan.
517 3822 598 3900 fruet.
616 3839 714 3908 μοι.
750 3826 873 3895 Acroce.
891 3826 978 3892 brad.
993 3829 1037 3890 11.
1064 3843 1097 3912 p.
1106 3847 1180 3909 224.

279 3926 323 4001 nr)
345 3925 406 3991 Cfr.
428 3925 501 4009 Syri.
517 3937 580 3996 nar.
603 3938 672 3998 rom.
691 3932 717 3997 1.
735 3938 821 4016 part.
832 3935 876 3995 11.
898 3948 933 4018 p.
946 3942 1017 4014 879.

263 4025 313 4110 4)
339 4029 542 4118 llerjricbniss
559 4036 609 4114 dar
629 4033 869 4124 gerentinum
889 4038 1177 4128 irrumpentem,
1185 4057 1225 4132 p·
1235 4049 1280 4114 81.
