2716 4830
216 191 918 308 rnrnracrmrorrnea:
1034 231 1112 314 aer.

18 407 293 507 vlongitndine
345 407 403 483 lta
438 407 633 502 aliquoties
658 407 912 486 observavi'in
937 411 1111 504 exemplil

30 531 118 602 quae
150 509 298 582 Hortus
317 507 439 580 noster
458 505 634 584 Academ.
655 507 740 598 alit,
770 521 813 582 ut
830 507 1112 602 videaturplan·

27 621 72 679 ta
121 606 266 718 magis
272 604 316 678 ad
342 605 588 703 Polygamiam
622 605 839 680 monoeciem
873 603 937 683 L.
950 605 1113 700 pertine

29 727 89 796 re,
108 701 287 797 quamvis
307 702 476 797 &saepe
468 703 587 777 dioica
603 703 674 778 effe
691 701 827 794 soleat,
859 703 1019 780 authoris
1038 704 1108 778 cir·

31 825 78 876 ca
98 801 316 875 foernininas
342 816 462 896 partes
494 799 696 889 sterilibus,
731 799 860 876 scimus
888 815 1025 894 autem,
1049 790 1114 878 na·

33 915 168 973 turam
189 900 229 972 in
258 899 342 973 sexu
363 893 501 993 (haud)
519 919 602 972 raro
619 899 819 974 ludentem.
873 901 1014 1012 Capsalae
1046 907 1112 976 tot

37 1013 135 1092 quot
149 996 325 1110 ovaria,
359 997 656 1088 membranacea,
691 996 953 1089 unilocularia,
986 995 1109 1090 apice·

37 1093 315 1185 conniventia,
339 1095 512 1170 brevibus
536 1093 711 1188 pediculis
736 1093 922 1170 haerentia.
980 1097 1111 1170 Semina

38 1195 262 1290 plerumque
280 1195 448 1286 q‘uatuor,
476 1193 628 1285 minuta,
651 1189 834 1285 albentia,
849 1191 972 1282 theca,
992 1190 1115 1287 crispin

41 1291 147 1386 quasr
172 1291 427 1384 undulatieque
442 1292 670 1366 membranis
702 1289 846 1388 aspera,
868 1288 1061 1364 obvoluta.

125 1453 230 1550 Spica
253 1453 415 1530 florifera
438 1471 523 1533 ante
546 1455 829 1568 explicationem
854 1453 1020 1532 deorsum
1048 1463 1117 1534 nui

39 1563 132 1644 ιιι,
169 1552 203 1626 δι
228 1566 306 1627 tum
332 1555 478 1632 demum
506 1554 682 1652 erigitur,
732 1551 876 1650 quando
907 1553 1018 1634 flores
1053 1559 1118 1635 ex·

45 1649 185 1746 plicare
215 1649 356 1747 incipit.

209 1961 213 1966 ,
369 1857 527 1964 §.vn
583 1855 786 1946 Locos.

104 2043 238 2120 Damio
272 2041 324 2117 cis
351 2037 545 2155 Jeniseam,
582 2039 681 2118 &in
694 2041 906 2142 regionibus
925 2040 1116 2138 plerisque

153 2139 278 2216 versus
304 2141 501 2220 orientem

98 2300 141 2380 A
174 2297 344 2398 Jorquioo
370 2301 468 2395 Prof.
494 2306 560 2381 ior.
590 2239 762 2398 Wennerrfi
789 2303 904 2380 etiam
926 2301 965 2378 in
981 2303 1119 2383 monti*

146 2397 217 2476 bue
257 2404 461 2498 Corpaliicis
493 2401 700 2478 observata
818 2497 820 2502 Ι
1217 2492 1219 2504 Ὺ

106 2559 245 2658 Terpno
271 2563 415 2660 florendi
450 2561 619 2654 ampelio
644 2559 768 2658 Julii
756 2582 795 2636 ιιι
815 2559 927 2639 finem
945 2559 1117 2672 Auguste:

303 2787 354 2886 ¹5.
386 2779 496 2867 VIII.
565 2778 849 2868 CULTURA.

137 2939 304 3019 climatis
332 2939 446 3022 nostri
462 2945 606 3041 patiens
625 2945 676 3020 est
695 2946 772 3020 haec
786 2917 922 3040 herba,
956 2945 1011 3020 ita
1043 2945 1121 3041 qui·

53 3043 139 3116 dem
190 3059 232 3115 ut
268 3043 329 3118 sub
365 3045 486 3118 hieme
515 3043 613 3118 illam
645 3057 774 3142 tegere
815 3067 892 3120 non
931 3043 976 3118 srt
1008 3065 1117 3146 opus.

51 3140 329 3234 Multiplicatur
365 3163 458 3215 vero
487 3163 552 3236 per
587 3141 778 3236 radicem,
822 3165 867 3238 ιιι
900 3165 993 3236 qua
991 3140 1121 3215 --exsur

54 3253 151 3333 gunt
180 3239 295 3314 multa
316 3239 531 3330 lndividua,
563 3239 588 3314 sr
620 3251 742 3314 autern
775 3239 1014 3316 defideramus
1044 3259 1120 3316 ma·
1149 3287 1185 3316 „

54 3356 166 3430 gnam
194 3336 357 3430 copiam,
411 3335 543 3410 semina
570 3335 759 3412 serantur
748 3359 787 3412 nr
817 3340 892 3440 olla
920 3335 983 3412 sub
1029 3331 1120 3426 dio,

56 3437 95 3508 δι
128 3433 274 3510 demum
301 3435 645 3528 transplantentur,
671 3431 861 3528 praecipue
874 3437 913 3510 in
931 3437 1015 3508 loca
1040 3454 1122 3508 um·

53 3531 192 3622 br'osa,
222 3535 282 3606 vel
310 3547 352 3607 ut
376 3533 540 3608 umbram
563 3529 629 3612 irbi
666 3532 888 3626 concilient,
925 3535 1032 3628 juxta
1059 3553 1121 3630 pa·
1186 3549 1189 3563 ·

51 3629 173 3706 'rietes
190 3629 279 3708 vel
269 3646 365 3710 mter
376 3630 522 3714 herbas

135 3823 230 3899 Non
254 3822 306 3900 est
330 3823 375 3898 de
400 3825 536 3912 nihilo,
560 3825 660 3919 quod
678 3823 1124 3917 MESSERSCHMIDT,
1262 3889 1266 3898 .

57 3923 121 4028 qui
157 3921 231 4006 fuit
255 3922 393 4028 primur
430 3925 609 4006 inventor
632 3926 777 4023 herbe,
809 3922 1120 4100 nominaveriffi
1142 4015 1148 4020 Ι
