2730 4838
467 247 738 328 orium.
1051 271 1135 348 ψ

113 478 115 484 ·
160 427 296 506 'Plures
315 425 389 504 bae
422 446 535 535 geritis
557 427 841 522 'comprehendit
873 423 1137 523 bibensque

50 549 202 604 ornnes
221 527 363 602 succum
382 525 578 600 continent
595 526 770 611 lasieum,
797 523 1135 620 pleraquebtbunl,

47 627 256 706 nonnulle
277 623 442 710 flavum
469 637 514 698 ut
543 625 636 698 adeo
661 625 784 718 planta
806 623 998 700 lassescens
1015 623 1058 699 ¹&
1081 625 1136 701 in·
1170 638 1175 646 “

52 723 223 822 quinatis
249 720 293 798 ab
317 719 489 798 ¹omnibus
516 721 598 816 iure
623 721 811 798 habeatur.
954 773 957 780 .
1042 781 1047 788 .
1114 745 1120 757 ’

166 897 227 974 Ex
240 899 411 976 omnibus
430 900 574 994 quidem
593 900 780 994 speciebus
791 901 987 994 Papaveris
999 902 1137 998 Opium
1173 943 1181 958 ·

57 997 252 1094 quoddam
285 999 400 1091 parari
431 999 531 1090 posse
568 999 749 1073 arbitror:
785 998 844 1077 sed
875 1021 956 1084 euin
991 1002 1136 1097 singule

54 1096 234 1176 nondum
264 1093 336 1172 sint
361 1097 582 1190 exploratae,
609 1097 646 1170 in
661 1096 753 1188 illa,
776 1120 853 1190 quoe
878 1099 1003 1174 multis
1032 1115 1136 1174 retro

56 1193 199 1270 seculis
228 1192 409 1288 frequenti
434 1195 506 1268 fuit
531 1195 567 1270 in
594 1193 681 1286 usu,
710 1195 876 1270 breviter
903 1194 1137 1275 describenrh

56 1291 191 1370 nostra
212 1293 288 1388 jam
311 1292 513 1368 versabitur
542 1314 671 1390 opera.

167 1447 292 1556 ‘Opium
316 1451 593 1552 vulgatissimum
622 1479 643 1530 e
675 1457 846 1554 Papauere
861 1442 1064 1556 samusart,
1091 1468 1136 1551 ut

50 1573 184 1648 «nuper
210 1551 365 1644 dissum,
392 1568 573 1650 paratur,
590 1553 688 1647 quod
720 1555 871 1632 floribus
900 1543 1037 1648 “diverfi
1072 1562 1159 1632 co'.·'
1239 1587 1242 1594 ·

59 1653 184 1765 loris,
213 1651 309 1768 J‘ani⁸
327 1650 571 1764 simplicibus,
595 1654 676 1765 jam·
706 1655 957 1764 multiplicatis
993 1653 1134 1760 variat,

59 1752 273 1850 petalisque
298 1761 451 1845 integris
476 1763 538 1824 aut
570 1751 761 1862 laqiniatis.
812 1753 983 1836 Varietas
1012 1764 1137 1826 autem

60 1849 248 1945 precipua
272 1847 345 1941 eli,
379 1846 477 1941 quod
503 1849 563 1923 vel
590 1869 713 1945 nigra,
737 1851 798 1922 vel
823 1851 902 1929 alba·
927 1849 1060 1934 habeat
1084 1845 1106 1926 s
1122 1887 1152 1936 ·,
1173 1869 1176 1897 ¹

67 1947 190 2060 mina·
249 1943 458 2074 orientales
488 1944 641 2061 populi,
675 1947 769 2039 apud
805 1972 897 2042 quos
933 1871 1141 2062 Qpiamoel

69 2041 349 2133 usitatiffimum,
377 2065 423 2118 eii
444 2041 636 2120 seminibus
653 2047 864 2140 plerumque
886 2047 976 2122 albis
998 2043 1137 2138 Opium

70 2139 297 2256 conficiunt,
330 2161 412 2216 cum
438 2141 572 2254 fruitus
598 2142 635 2216 iii
652 2141 720 2216 hac
746 2147 930 2220 varietate
948 2143 1068 2238 maior¹
1089 2132 1136 2254 il

67 2241 106 2314 δι
124 2241 334 2316 uberiorem
347 2241 435 2336 ,Opti
450 2261 593 2335 copiam
617 2242 789 2334 prebeat.
842 2243 995 2318 Interim
1016 2241 1136 2339 Opiunr

64 2361 169 2512 {que
192 2335 359 2432 prestans
385 2357 432 2412 ex
459 2337 645 2436 Papavere
672 2337 866 2424 seminibus
898 2339 1013 2438 nigris
1048 2360 1134 2435 pro·

92 2451 227 2512 utitur.
644 2485 647 2490 -
746 2479 750 2488 ·

166 2585 323 2682 Papauer
340 2583 572 2681 somniferam,
598 2586 783 2682 ealycibus
810 2579 1031 2679 capsuliaque
1060 2586 1133 2687 gla-

62 2685 164 2775 bris,
199 2683 299 2758 soliis
332 2683 648 2781 aiiipleiiicaulibus
687 2683 833 2776 incisis,
877 2685 969 2782 Sper.
1013 2673 1131 2760 motii.

54 2803 96 2886 p.
118 2787 206 2878 726.
238 2780 366 2858 nostro
397 2794 567 2876 tempore
597 2779 689 2860 adeo
723 2783 875 2878 virigare
906 2781 980 2870 est,
1018 2794 1060 2854 ut
1089 2777 1134 2866 atl

60 2881 193 2958 omnia
227 2879 306 2954 sere
339 2879 482 2976 tuguria
518 2880 671 2974 plantari
705 2879 834 2956 soleat.
898 2881 990 2956 Non
1022 2878 1134 2976 igitur

60 3001 192 3075 opere
221 2977 381 3074 pretium
409 2976 521 3052 suerio
540 2975 749 3053 *describere
783 2979 944 3072 plantam
976 2978 1068 3055 adeo
1095 2976 1135 3052 in

60 3079 200 3174 vulgus
225 3091 367 3167 notam,
389 3073 600 3154 &arauiris
620 3077 736 3150 toties
755 3069 1030 3174 descriptam&
1047 3074 1135 3148 dell-

59 3191 237 3264 neatani,
261 3174 371 3268 inque
396 3174 565 3248 omnibus
589 3173 669 3251 fere
696 3173 797 3250 libris
826 3174 1009 3268 botanicls
1036 3175 1134 3246 inter

58 3277 217 3373 plantas
231 3269 533 3348 eommunillimas
554 3272 717 3346 relatam.
768 3275 861 3370 Quae
885 3271 1050 3366 quamvis
1072 3281 1134 3361 pa·

60 3373 148 3448 trie
173 3391 251 3448 non
275 3370 319 3446 lit
344 3369 535 3466 indigena,
560 3367 597 3440 iii
620 3368 759 3442 nostro.
779 3383 900 3446 taiiien
924 3369 1003 3442 solo
1026 3367 1134 3441 instar

59 3470 247 3568 indigenae
281 3465 428 3542 erescit:
464 3467 523 3558 δι,
546 3463 653 3540 semel
681 3467 909 3557 introdusit,
948 3467 986 3542 in
1012 3463 1160 3540 hortis·

61 3566 200 3646 nostris
224 3565 354 3662 sponte
379 3564 508 3640 seritur
533 3563 568 3638 bt
593 3566 790 3658 quotannis
817 3564 1032 3643 renascitur.
1114 3577 1120 3584 ’

175 3763 296 3858 Opiros
328 3721 521 3850 Thebaicum
540 3773 709 3835 veterum
737 3753 938 3834 extraiii'rm
967 3757 1132 3856 plerique

62 3872 203 3960 putant
223 3881 270 3934 ex
297 3861 469 3962 Papauere
491 3862 641 3934 orientali
661 3856 811 3954 capsulis
843 3857 997 3955 glabris,
1021 3856 1131 3932 crab
1161 3943 1164 3948 ¹
1218 3857 1220 3862 ’

63 3964 137 4039 bus
162 3955 357 4100 uniiioris,
382 3956 527 4051 scabris,
552 3955 716 4152 frilitgsis,
740 3955 840 4038 soliis
858 3948 1130 4131 ρίηιιαιίεὶαξῖξ·
