2750 4832
435 235 838 318 DULC'A'MAR'A'.
1105 247 1165 328 65³

86 423 125 499 cl
151 420 288 515 semper
305 409 390 494 fere
405 415 611 496 Botanicen
649 417 785 496 ceteris
801 411 960 496 elmete
978 405 1164 515 partiburf

87 516 389 616 posthabuerint,
428 534 630 612 verumque
661 516 764 594 filum
787 515 1018 594 Ariadneurn
1043 518 1081 596 in
1103 522 1163 594 ri··

89 618 233 692 mandis
268 613 408 688 viribus
443 614 832 706 medicamentorum„
862 613 1074 692 affinitatem
1101 617 1160 693 lo·

89 737 185 808 quor
222 711 508 810 vegetabilium,
539 733 587 788 ne
612 711 825 788 somniarint
842 711 997 807 quidem.
1048 713 1094 788 E.
1122 735 1158 814 g.

89 809 270 887 Constitit
294 811 441 904 quidem
466 807 528 884 diu
545 809 644 885 inter
671 830 822 904 omnes,
853 815 1010 886 corticem
1048 813 1162 888 Clite

89 911 230 986 famma
257 907 320 986 sur
357 906 596 988 amaritudine
627 909 796 1004 frangere
824 907 967 984 aeidum
999 907 1162 986 febritlm
1195 924 1199 930 ’
1243 1003 1246 1010 Ι

93 1006 448 1083 intermittendum:
474 1005 534 1080 sed
561 1025 669 1101 quere
686 1027 734 1080 ex
759 1006 837 1080 aliie
865 1007 1002 1084 summe
1026 1005 1159 1084 amani

90 1126 170 1180 non
207 1105 305 1178 idem
339 1101 515 1194 effectur,
557 1103 679 1180 mirati
712 1101 793 1180 sunt
820 1102 985 1195 Medici,
1018 1102 1160 1200 ignari,
1188 1112 1191 1122 ’

91 1203 325 1278 Cinchonam
337 1199 491 1275 militare
507 1199 570 1276 sub
581 1199 724 1276 Ordine
746 1203 900 1276 naturali
915 1205 1159 1296 contortorum,

97 1301 154 1396 qui
180 1312 289 1374 totur
317 1297 369 1374 est
391 1298 604 1392 inquinant,
644 1300 679 1374 dt
712 1299 771 1378 cui
801 1297 893 1376 inest
911 1297 1023 1375 virosi
1049 1299 1168 1396 quid,
1208 1315 1216 1330 ·

101 1419 171 1473 nun
193 1395 260 1472 nisr
278 1397 315 1472 in
343 1397 466 1471 calore
484 1395 723 1474 manifestum.
774 1395 871 1496 Mat.
898 1395 1056 1474 Medicae
1079 1419 1160 1479 non

31 1581 33 1588 ,
102 1517 220 1589 perum
242 1493 444 1584 attulerunt
471 1492 681 1570 detrimenti
704 1495 976 1572 medicamenta
1006 1516 1160 1593 compo.

101 1594 188 1684 lita,
217 1592 346 1688 quibus
368 1592 456 1686 saepe
479 1591 523 1666 ad
543 1613 713 1688 pompam
732 1591 766 1666 dt
784 1590 1072 1670 ostentationem
1098 1597 1160 1683 exi,

100 1691 294 1788 cogitatis,
322 1689 507 1764 mordicus
530 1690 746 1766 inheserunt
760 1691 913 1769 Medici.
964 1687 1085 1766 Exeo
1102 1713 1160 1768 ac-

100 1789 209 1879 cidit,
236 1801 279 1862 ut
307 1784 393 1887 post,
411 1787 555 1862 felicem
579 1786 771 1864 successum
803 1788 866 1865 vix
891 1787 1012 1864 dicere
1034 1793 1160 1866 valeat

102 1886 292 1976 Medicus,
317 1885 377 1958 cni
405 1907 448 1960 ex
467 1885 687 1978 fimplicibur
707 1887 896 1963 sanitatem
914 1885 1045 1962 debeat
1064 1910 1161 1986 eger

105 1983 373 2059 convalescens.
419 1981 482 2056 Ne
504 1984 639 2075 dicam,
674 2006 722 2058 ex
748 1985 908 2060 mixtura
929 1983 1159 2080 ssrupllcium,

103 2083 216 2156 odore
243 2080 279 2154 dt
304 2079 681 2180 gustu‘diversorum,
728 2081 1036 2179 compositionem
1069 2081 1160 2160 oriri

101 2201 167 2274 qua
200 2177 305 2264 ,vires
338 2181 450 2275 longe
491 2177 769 2258 diversrssimam.
828 2181 941 2272 Quod
979 2179 1160 2277 reliquum

27 2319 30 2330 ·
101 2277 172 2368 est,
202 2276 367 2368 Medici,
393 2279 454 2372 qui
475 2277 621 2352 honore
649 2277 839 2355 Dotiorali
868 2280 1016 2368 ornati,
1040 2281 1085 2354 ad
1101 2283 1161 2376 uri

99 2373 165 2450 ber
180 2375 439 2468 opulentiores
465 2377 625 2468 abeunt,
664 2377 718 2450 ita
744 2376 901 2452 exoticis
935 2375 1159 2472 assuescunt,

99 2488 162 2564 ut,
203 2494 289 2548 curu
327 2475 430 2547 alvus
461 2475 688 2568 pauperrimi
715 2474 835 2548 rustici
868 2473 919 2548 est
946 2475 1158 2568 reseranda,

98 2570 281 2645 medicina
307 2591 353 2644 ex
383 2571 624 2646 remotissimis
653 2584 759 2645 terre
787 2571 998 2666 regionibus
1026 2573 1069 2646 fit
1097 2596 1159 2668 pe·

101 2667 226 2745 tende
276 2667 376 2743 Hinc
398 2668 530 2743 facium
554 2668 627 2758 est,
651 2683 693 2742 ut
712 2669 899 2766 agricole,
922 2670 1001 2764 'qui
1018 2669 1159 2747 summo

100 2767 255 2856 labore,
289 2788 336 2840 ne
362 2764 478 2840 dicam
504 2763 705 2858 servitute,
743 2767 809 2842 vix
829 2769 1047 2861 conquirere
1077 2770 1159 2866 pos·

43 2871 48 2878 '
102 2863 210 2954 sunt,
245 2863 344 2938 unde
391 2862 545 2954 vivant,
575 2927 610 2950 .,
662 2864 766 2940 dicor
800 2865 1084 2942 reformidantes
1122 2867 1169 2944 dn,

20 3047 21 3050 p
101 2959 428 3056 Pharmacopolia,
453 2959 515 3034 ubi
538 2958 627 3036 salus
658 2963 735 3036 euri
759 2963 929 3058 ¹pondere
949 2965 1177 3056 redimitum¹

20 3085 21 3088 ¹
102 3060 140 3134 in
168 3073 337 3142 extremo
362 3057 585 3138 edmieulas
608 3059 824 3158 confugiant
847 3061 990 3154 necesse
1015 3061 1085 3153 fit,
1122 3063 1159 3138 dt

102 3156 369 3250 Medicastroe,
412 3171 645 3230 cunctamen
669 3157 869 3231 multitudo
894 3179 1021 3232 eorum
1044 3159 1158 3236 scien·

104 3255 164 3327 tie
205 3255 377 3334 maxime,
397 3251 504 3352 ,effer
531 3255 651 3334 utilis'
673 3277 823 3348 eamque
850 3259 1155 3332 commendaret.

105 3349 235 3446 Neque
253 3350 477 3442 mirandum,
502 3351 539 3426 in
565 3352 674 3426 unica
695 3353 785 3426 urbe
806 3354 1042 3445 opulentiore
1065 3357 1156 3429 alio-

106 3469 182 3523 rurn
212 3471 438 3546 regnorum,
478 3451 599 3544 plures
624 3450 773 3542 reperiri
806 3451 999 3543 Medicus,
1049 3476 1163 3546 quant¹
1291 3505 1297 3507 >

108 3547 196 3640 apud
226 3555 296 3619 n'os
315 3552 528 3644 'pertotum
549 3569 714 3644 regnum.
770 3547 882 3644 Quod
908 3549 956 3640 fr,
981 3552 1079 3625 nulle
1100 3573 1162 3648 raa²

107 3641 209 3718 tione
227 3641 340 3717 status
359 3644 503 3742 habita,¹
539 3643 866 3720 commiseratione
883 3647 1026 3723 civium
1049 3648 1156 3724 duca·

108 3741 246 3815 mur&
260 3741 525 3820 incrementum
544 3741 703 3815 scientie
720 3742 757 3816 in
781 3745 897 3838 patria
919 3747 1026 3821 nobit
1052 3747 1164 3834 cordi

109 3839 173 3930 fit,
199 3854 372 3932 quantum
404 3837 667 3935 fieti'p'otest,
692 3842 967 3916 medicamentis
988 3839 1162 3916 domesti-‘
1297 3847 1300 3857 ’

110 3935 161 4050 tis
188 3936 240 4016 est
262 3936 541 4035 indulgendum,
576 3937 675 4110 dung
699 3937 881 4036 Medicis,
904 3941 1159 4112 ut'dicungur,

110 4057 158 4088 ¹2-
518 4047 528 4075 ‘
554 4061 564 4076 ·
702 4059 723 4116 2
1102 4059 1162 4112 ro·
