<?xml version="1.0" encoding="UTF-8"?>
<!DOCTYPE html PUBLIC "-//W3C//DTD XHTML 1.0 Transitional//EN"
    "http://www.w3.org/TR/xhtml1/DTD/xhtml1-transitional.dtd">
<html xmlns="http://www.w3.org/1999/xhtml" xml:lang="en" lang="en">
 <head>
  <title>
</title>
<meta http-equiv="Content-Type" content="text/html;charset=utf-8" />
  <meta name='ocr-system' content='tesseract 3.04.00' />
  <meta name='ocr-capabilities' content='ocr_page ocr_carea ocr_par ocr_line ocrx_word'/>
</head>
<body>
  <div class='ocr_page' id='page_1' title='image "./carolialinnequi08schrgoog_0121.png"; bbox 0 0 2670 4824; ppageno 0'>
   <div class='ocr_carea' id='block_1_1' title="bbox 219 151 1204 329">
    <p class='ocr_par' dir='ltr' id='par_1_1' title="bbox 219 151 1204 329">
     <span class='ocr_line' id='line_1_1' title="bbox 219 151 1204 329; baseline -0.003 -23"><span class='ocrx_word' id='word_1_1' title='bbox 219 233 295 329; x_wconf 66' lang='lat' dir='ltr'>rra</span> <span class='ocrx_word' id='word_1_2' title='bbox 329 218 709 306; x_wconf 79' lang='lat' dir='ltr'>nunnnmnuru</span> <span class='ocrx_word' id='word_1_3' title='bbox 737 151 1204 304; x_wconf 60' lang='lat' dir='ltr'>arcesseremusne.¹</span> 
     </span>
    </p>
   </div>
   <div class='ocr_carea' id='block_1_2' title="bbox 77 401 1334 2846">
    <p class='ocr_par' dir='ltr' id='par_1_2' title="bbox 220 401 1330 702">
     <span class='ocr_line' id='line_1_2' title="bbox 220 401 1286 502; baseline -0.001 -20"><span class='ocrx_word' id='word_1_4' title='bbox 220 427 268 482; x_wconf 79' lang='lat' dir='ltr'>ex</span> <span class='ocrx_word' id='word_1_5' title='bbox 286 405 491 494; x_wconf 70' lang='lat' dir='ltr'>animalculi</span> <span class='ocrx_word' id='word_1_6' title='bbox 511 404 623 502; x_wconf 85' lang='lat' dir='ltr'>poris</span> <span class='ocrx_word' id='word_1_7' title='bbox 649 403 736 479; x_wconf 90' lang='lat' dir='ltr'>talia</span> <span class='ocrx_word' id='word_1_8' title='bbox 759 401 820 480; x_wconf 88' lang='lat' dir='ltr'>srla</span> <span class='ocrx_word' id='word_1_9' title='bbox 853 405 1010 480; x_wconf 88' lang='lat' dir='ltr'>calearia</span> <span class='ocrx_word' id='word_1_10' title='bbox 1053 407 1165 498; x_wconf 75' lang='lat' dir='ltr'>eliam</span> <span class='ocrx_word' id='word_1_11' title='bbox 1198 403 1286 481; x_wconf 87' lang='lat' dir='ltr'>edu·</span> 
     </span>
     <span class='ocr_line' id='line_1_3' title="bbox 221 501 1330 599; baseline -0.005 -17"><span class='ocrx_word' id='word_1_12' title='bbox 221 520 376 595; x_wconf 89' lang='lat' dir='ltr'>eantur,</span> <span class='ocrx_word' id='word_1_13' title='bbox 417 526 520 599; x_wconf 80' lang='lat' dir='ltr'>quar,</span> <span class='ocrx_word' id='word_1_14' title='bbox 553 525 626 598; x_wconf 91' lang='lat' dir='ltr'>quo</span> <span class='ocrx_word' id='word_1_15' title='bbox 659 503 788 596; x_wconf 87' lang='lat' dir='ltr'>majori</span> <span class='ocrx_word' id='word_1_16' title='bbox 817 504 924 598; x_wconf 87' lang='lat' dir='ltr'>copia</span> <span class='ocrx_word' id='word_1_17' title='bbox 958 504 1110 598; x_wconf 83' lang='lat' dir='ltr'>adsunt,</span> <span class='ocrx_word' id='word_1_18' title='bbox 1148 502 1291 578; x_wconf 80' lang='lat' dir='ltr'>dt-dili·</span> <span class='ocrx_word' id='word_1_19' title='bbox 1329 501 1330 506; x_wconf 66' lang='lat'>‘</span> 
     </span>
     <span class='ocr_line' id='line_1_4' title="bbox 222 601 1292 702; baseline -0.002 -24"><span class='ocrx_word' id='word_1_20' title='bbox 222 603 369 702; x_wconf 74' lang='lat' dir='ltr'>gentius</span> <span class='ocrx_word' id='word_1_21' title='bbox 399 601 558 697; x_wconf 87' lang='lat' dir='ltr'>pristinis</span> <span class='ocrx_word' id='word_1_22' title='bbox 590 617 852 696; x_wconf 87' lang='lat' dir='ltr'>apponuntur,</span> <span class='ocrx_word' id='word_1_23' title='bbox 892 622 939 675; x_wconf 90' lang='lat' dir='ltr'>eo</span> <span class='ocrx_word' id='word_1_24' title='bbox 967 602 1172 682; x_wconf 84' lang='lat' dir='ltr'>craffiorem</span> <span class='ocrx_word' id='word_1_25' title='bbox 1211 602 1292 676; x_wconf 88' lang='lat' dir='ltr'>red·</span> 
     </span>
    </p>

    <p class='ocr_par' dir='ltr' id='par_1_3' title="bbox 77 697 1332 1383">
     <span class='ocr_line' id='line_1_5' title="bbox 77 697 1292 796; baseline -0.003 -18"><span class='ocrx_word' id='word_1_26' title='bbox 77 719 78 726; x_wconf 75' lang='grc'>’</span> <span class='ocrx_word' id='word_1_27' title='bbox 216 702 316 782; x_wconf 85' lang='lat' dir='ltr'>¹dunt</span> <span class='ocrx_word' id='word_1_28' title='bbox 345 701 485 776; x_wconf 87' lang='lat' dir='ltr'>testam.</span> <span class='ocrx_word' id='word_1_29' title='bbox 534 697 698 774; x_wconf 79' lang='lat' dir='ltr'>Externa</span> <span class='ocrx_word' id='word_1_30' title='bbox 719 698 821 774; x_wconf 82' lang='lat' dir='ltr'>testae</span> <span class='ocrx_word' id='word_1_31' title='bbox 848 709 997 774; x_wconf 84' lang='lat' dir='ltr'>textura</span> <span class='ocrx_word' id='word_1_32' title='bbox 1024 699 1113 796; x_wconf 86' lang='lat' dir='ltr'>saepe</span> <span class='ocrx_word' id='word_1_33' title='bbox 1136 701 1292 776; x_wconf 89' lang='lat' dir='ltr'>mollior</span> 
     </span>
     <span class='ocr_line' id='line_1_6' title="bbox 223 797 1288 892; baseline -0.002 -18"><span class='ocrx_word' id='word_1_34' title='bbox 223 799 276 874; x_wconf 88' lang='lat' dir='ltr'>est</span> <span class='ocrx_word' id='word_1_35' title='bbox 303 798 474 889; x_wconf 87' lang='lat' dir='ltr'>interna,</span> <span class='ocrx_word' id='word_1_36' title='bbox 517 813 622 892; x_wconf 82' lang='lat' dir='ltr'>quae,</span> <span class='ocrx_word' id='word_1_37' title='bbox 652 797 826 872; x_wconf 49' lang='lat' dir='ltr'>‘animale</span> <span class='ocrx_word' id='word_1_38' title='bbox 865 797 1027 872; x_wconf 87' lang='lat' dir='ltr'>fortiore</span> <span class='ocrx_word' id='word_1_39' title='bbox 1060 800 1130 873; x_wconf 86' lang='lat' dir='ltr'>iam</span> <span class='ocrx_word' id='word_1_40' title='bbox 1172 799 1288 872; x_wconf 88' lang='lat' dir='ltr'>robu-</span> 
     </span>
     <span class='ocr_line' id='line_1_7' title="bbox 222 893 1287 989; baseline -0.004 -15"><span class='ocrx_word' id='word_1_41' title='bbox 222 897 406 989; x_wconf 82' lang='lat' dir='ltr'>stioreque</span> <span class='ocrx_word' id='word_1_42' title='bbox 426 896 549 987; x_wconf 79' lang='lat' dir='ltr'>facio,</span> <span class='ocrx_word' id='word_1_43' title='bbox 593 895 804 974; x_wconf 82' lang='lat' dir='ltr'>fabricatur.</span> <span class='ocrx_word' id='word_1_44' title='bbox 853 893 1055 972; x_wconf 76' lang='lat' dir='ltr'>Nonnulla</span> <span class='ocrx_word' id='word_1_45' title='bbox 1078 910 1185 970; x_wconf 88' lang='lat' dir='ltr'>certe</span> <span class='ocrx_word' id='word_1_46' title='bbox 1212 896 1287 970; x_wconf 85' lang='lat' dir='ltr'>oris</span> 
     </span>
     <span class='ocr_line' id='line_1_8' title="bbox 225 991 1290 1087; baseline 0.001 -17"><span class='ocrx_word' id='word_1_47' title='bbox 225 994 448 1070; x_wconf 90' lang='lat' dir='ltr'>adminiculo</span> <span class='ocrx_word' id='word_1_48' title='bbox 475 1016 621 1070; x_wconf 85' lang='lat' dir='ltr'>mutum</span> <span class='ocrx_word' id='word_1_49' title='bbox 647 1006 790 1068; x_wconf 89' lang='lat' dir='ltr'>tantum</span> <span class='ocrx_word' id='word_1_50' title='bbox 810 993 957 1087; x_wconf 84' lang='lat' dir='ltr'>corpori</span> <span class='ocrx_word' id='word_1_51' title='bbox 980 993 1138 1070; x_wconf 81' lang='lat' dir='ltr'>illinunt.</span> <span class='ocrx_word' id='word_1_52' title='bbox 1158 991 1290 1071; x_wconf 89' lang='lat' dir='ltr'>Celeb.</span> 
     </span>
     <span class='ocr_line' id='line_1_9' title="bbox 228 1085 1292 1190; baseline -0.006 -20"><span class='ocrx_word' id='word_1_53' title='bbox 228 1088 401 1190; x_wconf 81' lang='lat' dir='ltr'>Heriffant</span> <span class='ocrx_word' id='word_1_54' title='bbox 416 1085 458 1187; x_wconf 71' lang='lat'>¹)</span> <span class='ocrx_word' id='word_1_55' title='bbox 482 1113 603 1188; x_wconf 61' lang='lat' dir='ltr'>nuper,</span> <span class='ocrx_word' id='word_1_56' title='bbox 621 1092 725 1166; x_wconf 83' lang='lat' dir='ltr'>aliern</span> <span class='ocrx_word' id='word_1_57' title='bbox 753 1089 908 1166; x_wconf 84' lang='lat' dir='ltr'>maxime</span> <span class='ocrx_word' id='word_1_58' title='bbox 934 1091 1158 1189; x_wconf 81' lang='lat' dir='ltr'>ingeniosam</span> <span class='ocrx_word' id='word_1_59' title='bbox 1183 1093 1292 1185; x_wconf 88' lang='lat' dir='ltr'>hujus</span> 
     </span>
     <span class='ocr_line' id='line_1_10' title="bbox 225 1187 1293 1283; baseline -0.005 -15"><span class='ocrx_word' id='word_1_60' title='bbox 225 1192 280 1268; x_wconf 83' lang='lat' dir='ltr'>aei</span> <span class='ocrx_word' id='word_1_61' title='bbox 305 1192 486 1266; x_wconf 86' lang='lat' dir='ltr'>thedriam</span> <span class='ocrx_word' id='word_1_62' title='bbox 510 1187 740 1278; x_wconf 81' lang='lat' dir='ltr'>construxit,</span> <span class='ocrx_word' id='word_1_63' title='bbox 763 1211 840 1283; x_wconf 83' lang='lat' dir='ltr'>quae</span> <span class='ocrx_word' id='word_1_64' title='bbox 856 1201 994 1264; x_wconf 83' lang='lat' dir='ltr'>nattuae</span> <span class='ocrx_word' id='word_1_65' title='bbox 1014 1189 1174 1266; x_wconf 80' lang='lat' dir='ltr'>maxime</span> <span class='ocrx_word' id='word_1_66' title='bbox 1203 1212 1293 1274; x_wconf 84' lang='lat' dir='ltr'>con·</span> 
     </span>
     <span class='ocr_line' id='line_1_11' title="bbox 227 1286 1332 1383; baseline -0.003 -18"><span class='ocrx_word' id='word_1_67' title='bbox 227 1289 408 1381; x_wconf 82' lang='lat' dir='ltr'>veniens,</span> <span class='ocrx_word' id='word_1_68' title='bbox 440 1286 665 1383; x_wconf 77' lang='lat' dir='ltr'>experientia</span> <span class='ocrx_word' id='word_1_69' title='bbox 680 1308 824 1383; x_wconf 88' lang='lat' dir='ltr'>quoque</span> <span class='ocrx_word' id='word_1_70' title='bbox 845 1288 1077 1382; x_wconf 74' lang='lat' dir='ltr'>approbatur.</span> <span class='ocrx_word' id='word_1_71' title='bbox 1110 1289 1178 1362; x_wconf 90' lang='lat' dir='ltr'>Ma</span> <span class='ocrx_word' id='word_1_72' title='bbox 1208 1293 1292 1380; x_wconf 78' lang='lat' dir='ltr'>riam</span> <span class='ocrx_word' id='word_1_73' title='bbox 1331 1305 1332 1362; x_wconf 75' lang='lat' dir='ltr'>l</span> 
     </span>
    </p>

    <p class='ocr_par' dir='ltr' id='par_1_4' title="bbox 89 1384 1333 1973">
     <span class='ocr_line' id='line_1_12' title="bbox 89 1384 1294 1475; baseline -0.006 -9"><span class='ocrx_word' id='word_1_74' title='bbox 89 1459 96 1475; x_wconf 91' lang='grc'><em>,</em></span> <span class='ocrx_word' id='word_1_75' title='bbox 227 1389 313 1466; x_wconf 85' lang='lat' dir='ltr'>satis</span> <span class='ocrx_word' id='word_1_76' title='bbox 336 1386 606 1466; x_wconf 85' lang='lat' dir='ltr'>fimilitudinem</span> <span class='ocrx_word' id='word_1_77' title='bbox 635 1384 782 1460; x_wconf 89' lang='lat' dir='ltr'>invenit</span> <span class='ocrx_word' id='word_1_78' title='bbox 800 1385 898 1460; x_wconf 90' lang='lat' dir='ltr'>inter</span> <span class='ocrx_word' id='word_1_79' title='bbox 920 1385 1125 1462; x_wconf 89' lang='lat' dir='ltr'>animalium</span> <span class='ocrx_word' id='word_1_80' title='bbox 1150 1409 1179 1461; x_wconf 95' lang='lat' dir='ltr'>o</span> <span class='ocrx_word' id='word_1_81' title='bbox 1213 1409 1235 1460; x_wconf 91' lang='lat' dir='ltr'>a</span> <span class='ocrx_word' id='word_1_82' title='bbox 1261 1387 1294 1459; x_wconf 81' lang='lat' dir='ltr'>dt</span> 
     </span>
     <span class='ocr_line' id='line_1_13' title="bbox 229 1482 1287 1578; baseline -0.007 -15"><span class='ocrx_word' id='word_1_83' title='bbox 229 1487 468 1564; x_wconf 87' lang='lat' dir='ltr'>domunculas</span> <span class='ocrx_word' id='word_1_84' title='bbox 493 1485 556 1560; x_wconf 85' lang='lat' dir='ltr'>has</span> <span class='ocrx_word' id='word_1_85' title='bbox 584 1484 779 1576; x_wconf 77' lang='lat' dir='ltr'>calcarias,</span> <span class='ocrx_word' id='word_1_86' title='bbox 812 1505 921 1578; x_wconf 90' lang='lat' dir='ltr'>quum</span> <span class='ocrx_word' id='word_1_87' title='bbox 948 1483 984 1557; x_wconf 78' lang='lat' dir='ltr'>da</span> <span class='ocrx_word' id='word_1_88' title='bbox 1019 1483 1094 1560; x_wconf 83' lang='lat' dir='ltr'>osia</span> <span class='ocrx_word' id='word_1_89' title='bbox 1122 1483 1158 1559; x_wconf 84' lang='lat' dir='ltr'>dt</span> <span class='ocrx_word' id='word_1_90' title='bbox 1184 1482 1287 1560; x_wconf 79' lang='lat' dir='ltr'>testa</span> 
     </span>
     <span class='ocr_line' id='line_1_14' title="bbox 228 1579 1333 1678; baseline -0.007 -16"><span class='ocrx_word' id='word_1_91' title='bbox 228 1587 300 1662; x_wconf 82' lang='lat' dir='ltr'>lint</span> <span class='ocrx_word' id='word_1_92' title='bbox 331 1584 494 1671; x_wconf 89' lang='lat' dir='ltr'>cellulis,</span> <span class='ocrx_word' id='word_1_93' title='bbox 536 1585 635 1662; x_wconf 87' lang='lat' dir='ltr'>calce</span> <span class='ocrx_word' id='word_1_94' title='bbox 666 1579 839 1678; x_wconf 83' lang='lat' dir='ltr'>refertis,</span> <span class='ocrx_word' id='word_1_95' title='bbox 879 1583 1105 1678; x_wconf 85' lang='lat' dir='ltr'>compofitae.</span> <span class='ocrx_word' id='word_1_96' title='bbox 1154 1581 1294 1658; x_wconf 75' lang='lat' dir='ltr'>Testae</span> <span class='ocrx_word' id='word_1_97' title='bbox 1332 1633 1333 1678; x_wconf 27' lang='grc' dir='ltr'>ᾗ</span> 
     </span>
     <span class='ocr_line' id='line_1_15' title="bbox 216 1676 1333 1779; baseline -0.006 -19"><span class='ocrx_word' id='word_1_98' title='bbox 216 1683 370 1779; x_wconf 51' lang='grc' dir='ltr'>ἱοεΗιιΙίε</span> <span class='ocrx_word' id='word_1_99' title='bbox 389 1676 568 1776; x_wconf 88' lang='lat' dir='ltr'>componi</span> <span class='ocrx_word' id='word_1_100' title='bbox 590 1679 888 1756; x_wconf 83' lang='lat' dir='ltr'>demonstrat-ex</span> <span class='ocrx_word' id='word_1_101' title='bbox 912 1701 985 1772; x_wconf 90' lang='lat' dir='ltr'>eo,</span> <span class='ocrx_word' id='word_1_102' title='bbox 1012 1681 1111 1775; x_wconf 92' lang='lat' dir='ltr'>quod</span> <span class='ocrx_word' id='word_1_103' title='bbox 1142 1682 1185 1757; x_wconf 89' lang='lat' dir='ltr'>in</span> <span class='ocrx_word' id='word_1_104' title='bbox 1217 1680 1293 1754; x_wconf 81' lang='lat' dir='ltr'>sub«</span> <span class='ocrx_word' id='word_1_105' title='bbox 1332 1701 1333 1732; x_wconf 76' lang='lat'>³</span> 
     </span>
     <span class='ocr_line' id='line_1_16' title="bbox 228 1777 1296 1874; baseline -0.007 -16"><span class='ocrx_word' id='word_1_106' title='bbox 228 1780 360 1858; x_wconf 84' lang='lat' dir='ltr'>stantia</span> <span class='ocrx_word' id='word_1_107' title='bbox 383 1779 524 1856; x_wconf 88' lang='lat' dir='ltr'>illarum</span> <span class='ocrx_word' id='word_1_108' title='bbox 560 1779 633 1874; x_wconf 93' lang='lat' dir='ltr'>ipsa</span> <span class='ocrx_word' id='word_1_109' title='bbox 671 1779 917 1871; x_wconf 74' lang='lat' dir='ltr'>sepenumero</span> <span class='ocrx_word' id='word_1_110' title='bbox 947 1778 1190 1854; x_wconf 88' lang='lat' dir='ltr'>inveniantur</span> <span class='ocrx_word' id='word_1_111' title='bbox 1216 1777 1296 1853; x_wconf 92' lang='lat' dir='ltr'>bul·</span> 
     </span>
     <span class='ocr_line' id='line_1_17' title="bbox 229 1873 1296 1973; baseline -0.009 -16"><span class='ocrx_word' id='word_1_112' title='bbox 229 1883 289 1960; x_wconf 71' lang='lat' dir='ltr'>lae,</span> <span class='ocrx_word' id='word_1_113' title='bbox 307 1885 452 1967; x_wconf 68' lang='lat' dir='ltr'>eirea,</span> <span class='ocrx_word' id='word_1_114' title='bbox 490 1876 659 1972; x_wconf 91' lang='lat' dir='ltr'>quodque</span> <span class='ocrx_word' id='word_1_115' title='bbox 688 1874 816 1970; x_wconf 87' lang='lat' dir='ltr'>spiritu</span> <span class='ocrx_word' id='word_1_116' title='bbox 844 1876 933 1952; x_wconf 87' lang='lat' dir='ltr'>nitri</span> <span class='ocrx_word' id='word_1_117' title='bbox 968 1876 1086 1952; x_wconf 87' lang='lat' dir='ltr'>soluta</span> <span class='ocrx_word' id='word_1_118' title='bbox 1118 1880 1224 1973; x_wconf 84' lang='lat' dir='ltr'>calce</span> <span class='ocrx_word' id='word_1_119' title='bbox 1262 1873 1296 1947; x_wconf 79' lang='lat' dir='ltr'>de</span> 
     </span>
    </p>

    <p class='ocr_par' dir='ltr' id='par_1_5' title="bbox 196 1972 1334 2268">
     <span class='ocr_line' id='line_1_18' title="bbox 196 1972 1296 2071; baseline -0.005 -16"><span class='ocrx_word' id='word_1_120' title='bbox 196 2020 198 2029; x_wconf 39' lang='grc' dir='ltr'><em>ν</em></span> <span class='ocrx_word' id='word_1_121' title='bbox 231 1997 323 2071; x_wconf 83' lang='lat' dir='ltr'>aqua</span> <span class='ocrx_word' id='word_1_122' title='bbox 344 1975 480 2064; x_wconf 85' lang='lat' dir='ltr'>diluta,</span> <span class='ocrx_word' id='word_1_123' title='bbox 511 1973 688 2048; x_wconf 85' lang='lat' dir='ltr'>cellularis</span> <span class='ocrx_word' id='word_1_124' title='bbox 717 1987 862 2050; x_wconf 87' lang='lat' dir='ltr'>tantum</span> <span class='ocrx_word' id='word_1_125' title='bbox 891 1972 1083 2050; x_wconf 90' lang='lat' dir='ltr'>substantia</span> <span class='ocrx_word' id='word_1_126' title='bbox 1115 1997 1204 2052; x_wconf 92' lang='lat' dir='ltr'>cum</span> <span class='ocrx_word' id='word_1_127' title='bbox 1226 1978 1296 2052; x_wconf 89' lang='lat' dir='ltr'>aci·</span> 
     </span>
     <span class='ocr_line' id='line_1_19' title="bbox 233 2069 1334 2170; baseline -0.003 -17"><span class='ocrx_word' id='word_1_128' title='bbox 233 2078 288 2153; x_wconf 87' lang='lat' dir='ltr'>dis</span> <span class='ocrx_word' id='word_1_129' title='bbox 315 2070 661 2170; x_wconf 80' lang='lat' dir='ltr'>noneffervescens</span> <span class='ocrx_word' id='word_1_130' title='bbox 690 2069 817 2148; x_wconf 89' lang='lat' dir='ltr'>restet.</span> <span class='ocrx_word' id='word_1_131' title='bbox 842 2133 843 2138; x_wconf 11' lang='lat' dir='ltr'>a</span> <span class='ocrx_word' id='word_1_132' title='bbox 875 2069 1236 2150; x_wconf 72' lang='lat' dir='ltr'>Concamarationes</span> <span class='ocrx_word' id='word_1_133' title='bbox 1258 2077 1296 2150; x_wconf 85' lang='lat' dir='ltr'>il·</span> <span class='ocrx_word' id='word_1_134' title='bbox 1333 2123 1334 2160; x_wconf 50' lang='lat' dir='ltr'>r</span> 
     </span>
     <span class='ocr_line' id='line_1_20' title="bbox 231 2165 1334 2268; baseline -0.001 -23"><span class='ocrx_word' id='word_1_135' title='bbox 231 2177 312 2266; x_wconf 85' lang='lat' dir='ltr'>las,</span> <span class='ocrx_word' id='word_1_136' title='bbox 352 2193 439 2266; x_wconf 87' lang='lat' dir='ltr'>quas</span> <span class='ocrx_word' id='word_1_137' title='bbox 467 2193 514 2244; x_wconf 81' lang='lat' dir='ltr'>ex</span> <span class='ocrx_word' id='word_1_138' title='bbox 542 2167 738 2268; x_wconf 86' lang='lat' dir='ltr'>gummosrs</span> <span class='ocrx_word' id='word_1_139' title='bbox 764 2167 928 2244; x_wconf 89' lang='lat' dir='ltr'>constare</span> <span class='ocrx_word' id='word_1_140' title='bbox 965 2169 1066 2252; x_wconf 90' lang='lat' dir='ltr'>fibris</span> <span class='ocrx_word' id='word_1_141' title='bbox 1103 2173 1295 2268; x_wconf 74' lang='lat' dir='ltr'>pellucidis</span> <span class='ocrx_word' id='word_1_142' title='bbox 1333 2165 1334 2172; x_wconf 61' lang='lat'><em>&#39;</em></span> 
     </span>
    </p>

    <p class='ocr_par' dir='ltr' id='par_1_6' title="bbox 184 2265 1295 2370">
     <span class='ocr_line' id='line_1_21' title="bbox 184 2265 1295 2370; baseline 0.002 -24"><span class='ocrx_word' id='word_1_143' title='bbox 184 2327 186 2332; x_wconf 84' lang='lat'><em>-</em></span> <span class='ocrx_word' id='word_1_144' title='bbox 232 2283 362 2370; x_wconf 88' lang='lat' dir='ltr'>putat,</span> <span class='ocrx_word' id='word_1_145' title='bbox 398 2269 475 2342; x_wconf 88' lang='lat' dir='ltr'>fere</span> <span class='ocrx_word' id='word_1_146' title='bbox 505 2265 671 2366; x_wconf 75' lang='lat' dir='ltr'>globosae</span> <span class='ocrx_word' id='word_1_147' title='bbox 704 2267 892 2366; x_wconf 76' lang='lat' dir='ltr'>depinxit,</span> <span class='ocrx_word' id='word_1_148' title='bbox 931 2267 1090 2363; x_wconf 89' lang='lat' dir='ltr'>hincque</span> <span class='ocrx_word' id='word_1_149' title='bbox 1118 2291 1199 2345; x_wconf 92' lang='lat' dir='ltr'>non</span> <span class='ocrx_word' id='word_1_150' title='bbox 1230 2278 1295 2348; x_wconf 83' lang='lat' dir='ltr'>nni·</span> 
     </span>
    </p>

    <p class='ocr_par' dir='ltr' id='par_1_7' title="bbox 152 2363 1297 2568">
     <span class='ocr_line' id='line_1_22' title="bbox 152 2363 1296 2464; baseline 0.002 -18"><span class='ocrx_word' id='word_1_151' title='bbox 152 2443 155 2450; x_wconf 91' lang='grc'>,</span> <span class='ocrx_word' id='word_1_152' title='bbox 233 2363 465 2460; x_wconf 56' lang='grc' dir='ltr'>τυω,,“ᾳυοά</span> <span class='ocrx_word' id='word_1_153' title='bbox 483 2365 538 2440; x_wconf 82' lang='lat' dir='ltr'>hae</span> <span class='ocrx_word' id='word_1_154' title='bbox 562 2365 731 2442; x_wconf 87' lang='lat' dir='ltr'>testarum</span> <span class='ocrx_word' id='word_1_155' title='bbox 749 2363 936 2460; x_wconf 90' lang='lat' dir='ltr'>superficie</span> <span class='ocrx_word' id='word_1_156' title='bbox 960 2368 1055 2462; x_wconf 85' lang='lat' dir='ltr'>quasr</span> <span class='ocrx_word' id='word_1_157' title='bbox 1087 2368 1232 2464; x_wconf 86' lang='lat' dir='ltr'>plicatae</span> <span class='ocrx_word' id='word_1_158' title='bbox 1262 2373 1296 2448; x_wconf 80' lang='lat' dir='ltr'>dt</span> 
     </span>
     <span class='ocr_line' id='line_1_23' title="bbox 233 2461 1297 2568; baseline 0 -25"><span class='ocrx_word' id='word_1_159' title='bbox 233 2465 446 2568; x_wconf 83' lang='lat' dir='ltr'>prismaticae</span> <span class='ocrx_word' id='word_1_160' title='bbox 466 2463 585 2555; x_wconf 72' lang='lat' dir='ltr'>fatte,</span> <span class='ocrx_word' id='word_1_161' title='bbox 608 2463 730 2538; x_wconf 79' lang='lat' dir='ltr'>radios</span> <span class='ocrx_word' id='word_1_162' title='bbox 749 2461 832 2538; x_wconf 90' lang='lat' dir='ltr'>solis</span> <span class='ocrx_word' id='word_1_163' title='bbox 848 2463 1013 2540; x_wconf 87' lang='lat' dir='ltr'>dividant</span> <span class='ocrx_word' id='word_1_164' title='bbox 1034 2465 1069 2540; x_wconf 91' lang='lat'>&amp;</span> <span class='ocrx_word' id='word_1_165' title='bbox 1091 2465 1227 2543; x_wconf 89' lang='lat' dir='ltr'>multas</span> <span class='ocrx_word' id='word_1_166' title='bbox 1257 2471 1297 2544; x_wconf 90' lang='lat' dir='ltr'>il·</span> 
     </span>
    </p>

    <p class='ocr_par' dir='ltr' id='par_1_8' title="bbox 145 2561 1297 2846">
     <span class='ocr_line' id='line_1_24' title="bbox 145 2561 1296 2658; baseline 0.002 -16"><span class='ocrx_word' id='word_1_167' title='bbox 145 2584 154 2616; x_wconf 58' lang='lat'>1‘</span> <span class='ocrx_word' id='word_1_168' title='bbox 235 2569 351 2642; x_wconf 86' lang='lat' dir='ltr'>larum</span> <span class='ocrx_word' id='word_1_169' title='bbox 391 2563 505 2638; x_wconf 87' lang='lat' dir='ltr'>facies</span> <span class='ocrx_word' id='word_1_170' title='bbox 535 2561 769 2658; x_wconf 85' lang='lat' dir='ltr'>splendentes</span> <span class='ocrx_word' id='word_1_171' title='bbox 804 2561 1080 2658; x_wconf 77' lang='lat' dir='ltr'>variegatasque</span> <span class='ocrx_word' id='word_1_172' title='bbox 1123 2567 1296 2644; x_wconf 84' lang='lat' dir='ltr'>reddant.</span> 
     </span>
     <span class='ocr_line' id='line_1_25' title="bbox 237 2657 1297 2760; baseline 0.005 -23"><span class='ocrx_word' id='word_1_173' title='bbox 237 2668 326 2760; x_wconf 90' lang='lat' dir='ltr'>Quo</span> <span class='ocrx_word' id='word_1_174' title='bbox 351 2659 494 2736; x_wconf 81' lang='lat' dir='ltr'>crassror</span> <span class='ocrx_word' id='word_1_175' title='bbox 525 2659 643 2752; x_wconf 86' lang='lat' dir='ltr'>testa,</span> <span class='ocrx_word' id='word_1_176' title='bbox 683 2683 730 2742; x_wconf 89' lang='lat' dir='ltr'>eo</span> <span class='ocrx_word' id='word_1_177' title='bbox 746 2657 979 2756; x_wconf 76' lang='lat' dir='ltr'>robustiores</span> <span class='ocrx_word' id='word_1_178' title='bbox 1003 2662 1054 2738; x_wconf 32' lang='lat'>¹&amp;</span> <span class='ocrx_word' id='word_1_179' title='bbox 1086 2665 1297 2744; x_wconf 83' lang='lat' dir='ltr'>tenaciores</span> 
     </span>
     <span class='ocr_line' id='line_1_26' title="bbox 237 2757 890 2846; baseline -0.009 -8"><span class='ocrx_word' id='word_1_180' title='bbox 237 2761 308 2846; x_wconf 81' lang='lat' dir='ltr'>effe</span> <span class='ocrx_word' id='word_1_181' title='bbox 330 2760 477 2834; x_wconf 86' lang='lat' dir='ltr'>cellulas</span> <span class='ocrx_word' id='word_1_182' title='bbox 503 2757 711 2836; x_wconf 89' lang='lat' dir='ltr'>contendit.</span> <span class='ocrx_word' id='word_1_183' title='bbox 739 2775 744 2801; x_wconf 70' lang='lat'>⁸</span> <span class='ocrx_word' id='word_1_184' title='bbox 885 2757 890 2770; x_wconf 90' lang='lat'>&#39;</span> 
     </span>
    </p>
   </div>
   <div class='ocr_carea' id='block_1_3' title="bbox 115 2942 1302 3902">
    <p class='ocr_par' dir='ltr' id='par_1_9' title="bbox 154 2942 1302 3729">
     <span class='ocr_line' id='line_1_27' title="bbox 154 2942 1301 3042; baseline 0.005 -24"><span class='ocrx_word' id='word_1_185' title='bbox 154 2979 157 2984; x_wconf 93' lang='lat'>·</span> <span class='ocrx_word' id='word_1_186' title='bbox 243 3025 248 3032; x_wconf 56' lang='grc'><strong>,</strong></span> <span class='ocrx_word' id='word_1_187' title='bbox 312 2943 448 3020; x_wconf 91' lang='lat' dir='ltr'>Omnia</span> <span class='ocrx_word' id='word_1_188' title='bbox 476 2942 648 3017; x_wconf 85' lang='lat' dir='ltr'>testarum</span> <span class='ocrx_word' id='word_1_189' title='bbox 681 2955 898 3020; x_wconf 89' lang='lat' dir='ltr'>ornamenta</span> <span class='ocrx_word' id='word_1_190' title='bbox 920 2967 970 3020; x_wconf 42' lang='lat' dir='ltr'>errw</span> <span class='ocrx_word' id='word_1_191' title='bbox 998 2943 1159 3022; x_wconf 79' lang='lat' dir='ltr'>bestiola</span> <span class='ocrx_word' id='word_1_192' title='bbox 1183 2969 1301 3042; x_wconf 91' lang='lat' dir='ltr'>poro·</span> 
     </span>
     <span class='ocr_line' id='line_1_28' title="bbox 238 3040 1300 3139; baseline 0.003 -19"><span class='ocrx_word' id='word_1_193' title='bbox 238 3066 320 3120; x_wconf 87' lang='lat' dir='ltr'>rum</span> <span class='ocrx_word' id='word_1_194' title='bbox 350 3041 522 3118; x_wconf 76' lang='lat' dir='ltr'>struitura</span> <span class='ocrx_word' id='word_1_195' title='bbox 545 3040 634 3115; x_wconf 86' lang='lat' dir='ltr'>oriri</span> <span class='ocrx_word' id='word_1_196' title='bbox 651 3040 837 3121; x_wconf 88' lang='lat' dir='ltr'>videntur.</span> <span class='ocrx_word' id='word_1_197' title='bbox 889 3044 940 3118; x_wconf 82' lang='lat' dir='ltr'>Hi</span> <span class='ocrx_word' id='word_1_198' title='bbox 971 3044 1068 3118; x_wconf 85' lang='lat' dir='ltr'>eninr</span> <span class='ocrx_word' id='word_1_199' title='bbox 1100 3067 1174 3139; x_wconf 90' lang='lat' dir='ltr'>quo</span> <span class='ocrx_word' id='word_1_200' title='bbox 1209 3069 1300 3122; x_wconf 89' lang='lat' dir='ltr'>con·</span> 
     </span>
     <span class='ocr_line' id='line_1_29' title="bbox 239 3140 1300 3236; baseline 0 -17"><span class='ocrx_word' id='word_1_201' title='bbox 239 3143 413 3219; x_wconf 84' lang='lat' dir='ltr'>fertiores</span> <span class='ocrx_word' id='word_1_202' title='bbox 446 3140 558 3229; x_wconf 84' lang='lat' dir='ltr'>sunt,</span> <span class='ocrx_word' id='word_1_203' title='bbox 597 3159 644 3214; x_wconf 90' lang='lat' dir='ltr'>eo</span> <span class='ocrx_word' id='word_1_204' title='bbox 690 3140 801 3216; x_wconf 89' lang='lat' dir='ltr'>etiam</span> <span class='ocrx_word' id='word_1_205' title='bbox 843 3140 1109 3236; x_wconf 84' lang='lat' dir='ltr'>aequabiliorem</span> <span class='ocrx_word' id='word_1_206' title='bbox 1137 3147 1300 3219; x_wconf 86' lang='lat' dir='ltr'>evadere</span> 
     </span>
     <span class='ocr_line' id='line_1_30' title="bbox 240 3235 1299 3336; baseline 0.002 -20"><span class='ocrx_word' id='word_1_207' title='bbox 240 3238 464 3336; x_wconf 83' lang='lat' dir='ltr'>superficiem</span> <span class='ocrx_word' id='word_1_208' title='bbox 488 3235 677 3329; x_wconf 87' lang='lat' dir='ltr'>videmus,</span> <span class='ocrx_word' id='word_1_209' title='bbox 704 3237 740 3312; x_wconf 87' lang='lat' dir='ltr'>dr</span> <span class='ocrx_word' id='word_1_210' title='bbox 757 3251 829 3332; x_wconf 84' lang='lat' dir='ltr'>quo</span> <span class='ocrx_word' id='word_1_211' title='bbox 848 3237 1089 3314; x_wconf 75' lang='lat' dir='ltr'>distindliores</span> <span class='ocrx_word' id='word_1_212' title='bbox 1105 3263 1146 3316; x_wconf 85' lang='lat' dir='ltr'>ac</span> <span class='ocrx_word' id='word_1_213' title='bbox 1164 3243 1299 3318; x_wconf 78' lang='lat' dir='ltr'>reiiius</span> 
     </span>
     <span class='ocr_line' id='line_1_31' title="bbox 241 3335 1302 3434; baseline 0 -19"><span class='ocrx_word' id='word_1_214' title='bbox 241 3337 422 3429; x_wconf 87' lang='lat' dir='ltr'>ordinati,</span> <span class='ocrx_word' id='word_1_215' title='bbox 470 3356 517 3410; x_wconf 91' lang='lat' dir='ltr'>eo</span> <span class='ocrx_word' id='word_1_216' title='bbox 560 3335 679 3433; x_wconf 85' lang='lat' dir='ltr'>magis</span> <span class='ocrx_word' id='word_1_217' title='bbox 701 3336 880 3411; x_wconf 86' lang='lat' dir='ltr'>cristatam</span> <span class='ocrx_word' id='word_1_218' title='bbox 908 3338 943 3411; x_wconf 83' lang='lat' dir='ltr'>dt</span> <span class='ocrx_word' id='word_1_219' title='bbox 970 3339 1207 3434; x_wconf 68' lang='lat' dir='ltr'>elegantem</span> <span class='ocrx_word' id='word_1_220' title='bbox 1245 3339 1302 3416; x_wconf 85' lang='lat' dir='ltr'>ita</span> 
     </span>
     <span class='ocr_line' id='line_1_32' title="bbox 240 3434 1300 3530; baseline 0.002 -20"><span class='ocrx_word' id='word_1_221' title='bbox 240 3453 284 3510; x_wconf 89' lang='lat' dir='ltr'>ut</span> <span class='ocrx_word' id='word_1_222' title='bbox 303 3457 417 3530; x_wconf 90' lang='lat' dir='ltr'>poros</span> <span class='ocrx_word' id='word_1_223' title='bbox 446 3435 603 3526; x_wconf 88' lang='lat' dir='ltr'>majores</span> <span class='ocrx_word' id='word_1_224' title='bbox 633 3434 672 3508; x_wconf 90' lang='lat' dir='ltr'>in</span> <span class='ocrx_word' id='word_1_225' title='bbox 703 3435 941 3528; x_wconf 88' lang='lat' dir='ltr'>quincuncem</span> <span class='ocrx_word' id='word_1_226' title='bbox 976 3434 1191 3530; x_wconf 75' lang='lat' dir='ltr'>dispositos,</span> <span class='ocrx_word' id='word_1_227' title='bbox 1233 3439 1300 3512; x_wconf 92' lang='lat' dir='ltr'>vel</span> 
     </span>
     <span class='ocr_line' id='line_1_33' title="bbox 242 3531 1297 3628; baseline 0.005 -22"><span class='ocrx_word' id='word_1_228' title='bbox 242 3533 414 3626; x_wconf 83' lang='lat' dir='ltr'>quadrata</span> <span class='ocrx_word' id='word_1_229' title='bbox 434 3531 661 3628; x_wconf 78' lang='lat' dir='ltr'>formantes,</span> <span class='ocrx_word' id='word_1_230' title='bbox 686 3531 815 3606; x_wconf 88' lang='lat' dir='ltr'>testam</span> <span class='ocrx_word' id='word_1_231' title='bbox 854 3531 1008 3606; x_wconf 90' lang='lat' dir='ltr'>reddere</span> <span class='ocrx_word' id='word_1_232' title='bbox 1036 3534 1297 3626; x_wconf 88' lang='lat' dir='ltr'>reticulatam,</span> 
     </span>
     <span class='ocr_line' id='line_1_34' title="bbox 241 3627 1299 3729; baseline 0.001 -22"><span class='ocrx_word' id='word_1_233' title='bbox 241 3631 329 3707; x_wconf 88' lang='lat' dir='ltr'>hinc</span> <span class='ocrx_word' id='word_1_234' title='bbox 372 3629 471 3707; x_wconf 91' lang='lat' dir='ltr'>illinc</span> <span class='ocrx_word' id='word_1_235' title='bbox 521 3645 643 3704; x_wconf 88' lang='lat' dir='ltr'>autem</span> <span class='ocrx_word' id='word_1_236' title='bbox 704 3643 980 3726; x_wconf 83' lang='lat' dir='ltr'>congregatos,</span> <span class='ocrx_word' id='word_1_237' title='bbox 1033 3627 1210 3729; x_wconf 83' lang='lat' dir='ltr'>spiriosam</span> <span class='ocrx_word' id='word_1_238' title='bbox 1263 3634 1299 3708; x_wconf 81' lang='lat' dir='ltr'>dt</span> 
     </span>
    </p>

    <p class='ocr_par' dir='ltr' id='par_1_10' title="bbox 115 3727 1300 3902">
     <span class='ocr_line' id='line_1_35' title="bbox 115 3727 1275 3902; baseline 0.001 -98"><span class='ocrx_word' id='word_1_239' title='bbox 115 3817 122 3826; x_wconf 26' lang='lat'>¹</span> <span class='ocrx_word' id='word_1_240' title='bbox 242 3727 529 3804; x_wconf 87' lang='lat' dir='ltr'>turberculatam</span> <span class='ocrx_word' id='word_1_241' title='bbox 558 3727 665 3804; x_wconf 88' lang='lat' dir='ltr'>facile</span> <span class='ocrx_word' id='word_1_242' title='bbox 692 3728 891 3803; x_wconf 87' lang='lat' dir='ltr'>crederem·</span> <span class='ocrx_word' id='word_1_243' title='bbox 956 3787 959 3802; x_wconf 75' lang='grc'>,</span> <span class='ocrx_word' id='word_1_244' title='bbox 1100 3803 1102 3808; x_wconf 84' lang='grc'>,</span> <span class='ocrx_word' id='word_1_245' title='bbox 1238 3825 1275 3902; x_wconf 79' lang='lat' dir='ltr'>D</span> 
     </span>
     <span class='ocr_line' id='line_1_36' title="bbox 1279 3849 1300 3901; baseline 0 0"><span class='ocrx_word' id='word_1_246' title='bbox 1279 3849 1300 3901; x_wconf 91' lang='lat' dir='ltr'>e</span> 
     </span>
    </p>
   </div>
   <div class='ocr_carea' id='block_1_4' title="bbox 242 3994 1302 4156">
    <p class='ocr_par' dir='ltr' id='par_1_11' title="bbox 242 3994 1302 4156">
     <span class='ocr_line' id='line_1_37' title="bbox 242 3994 1302 4156; baseline 0.008 -101"><span class='ocrx_word' id='word_1_247' title='bbox 242 4085 266 4154; x_wconf 45' lang='lat' dir='ltr'><strong><em>v</em></strong></span> <span class='ocrx_word' id='word_1_248' title='bbox 285 3994 500 4156; x_wconf 48' lang='lat' dir='ltr'>*isaeemoiree</span> <span class='ocrx_word' id='word_1_249' title='bbox 518 3997 561 4060; x_wconf 81' lang='lat' dir='ltr'>dr·</span> <span class='ocrx_word' id='word_1_250' title='bbox 569 3997 588 4060; x_wconf 89' lang='lat' dir='ltr'>l&#39;</span> <span class='ocrx_word' id='word_1_251' title='bbox 597 3997 759 4060; x_wconf 70' lang='lat' dir='ltr'>occiente</span> <span class='ocrx_word' id='word_1_252' title='bbox 780 3998 834 4062; x_wconf 79' lang='lat' dir='ltr'>dea</span> <span class='ocrx_word' id='word_1_253' title='bbox 850 3998 981 4065; x_wconf 73' lang='lat' dir='ltr'>muco</span> <span class='ocrx_word' id='word_1_254' title='bbox 999 3999 1109 4102; x_wconf 20' lang='lat' dir='ltr'>lyl&#39;uir</span> <span class='ocrx_word' id='word_1_255' title='bbox 1125 4005 1188 4074; x_wconf 69' lang='lat' dir='ltr'>Aac</span> <span class='ocrx_word' id='word_1_256' title='bbox 1212 3999 1302 4082; x_wconf 72' lang='lat' dir='ltr'>sped-</span> 
     </span>
    </p>
   </div>
   <div class='ocr_carea' id='block_1_5' title="bbox 0 0 1371 4824">
    <p class='ocr_par' dir='ltr' id='par_1_12' title="bbox 0 0 1371 4824">
     <span class='ocr_line' id='line_1_38' title="bbox 0 0 1371 4824; baseline 0 0"><span class='ocrx_word' id='word_1_257' title='bbox 0 0 1371 4824; x_wconf 95' lang='lat' dir='ltr'> </span> 
     </span>
    </p>
   </div>
  </div>
 </body>
</html>
