2682 4830
85 154 492 310 ‘mauranus
528 188 993 306 mmucso'toetn.
1040 244 1114 324 ης

21 412 65 488 T
58 417 152 486 ertia
182 429 240 484 ex
264 401 437 482 Coehleis
470 401 641 492 marinis3
692 401 828 507 Quanta
866 420 913 476 ex
937 399 1109 483 ,Conchb

19 507 206 595 marinis,
240 509 427 596 altinoque
451 525 498 578 ex
513 497 746 596 totnonis,
770 497 900 594 qubus
929 521 976 578 au
999 499 1113 580 Echi·

21 629 101 684 nos
142 604 323 699 adjungat
358 601 467 676 anxie
500 622 578 676 non
607 598 799 692 quaritur.
858 595 1000 680 Omnes
1036 602 1109 682 hoe

22 703 186 780 ordines
201 704 348 776 iterum
382 699 536 774 rimatur
566 695 601 772 tr
628 693 914 774 subdivifionum
946 695 1106 778 subdivi-

17 805 151 878 fiones
209 799 325 891 facit,
368 810 563 890 antequam
611 793 724 890 ipsam
762 813 844 868 rem
883 795 1104 890 aggreditur.

17 899 121 995 Quis
153 911 391 974 autemnon
422 893 551 983 videt,
585 892 687 968 hunc
724 889 893 966 ordinem
916 889 1108 976 innumera

14 997 124 1092 sequi
156 994 428 1084 incommoda,
479 991 516 1066 dt
545 991 960 1084 sanctionumque
992 996 1108 1086 prima

15 1096 202 1174 scientiae
224 1092 376 1168 stamina
399 1103 527 1166 mente
549 1092 623 1164 rite
651 1085 910 1184 percepimus,
939 1108 987 1164 eo
1009 1089 1110 1191 inep-

12 1208 88 1270 -tos
104 1191 247 1281 reddi,
271 1191 315 1266 ad
336 1189 522 1268 scientiam
544 1187 655 1262 novis
673 1187 782 1260 rebus
804 1181 1108 1288 amplificandam,

21 1293 62 1366 dr
97 1291 402 1365 emolumentum
439 1287 518 1380 ejes
544 1277 909 1380 persentiscendum?
938 1281 1109 1372 ‚Maxime

19 1390 152 1468 etiam
188 1383 241 1462 est
267 1383 484 1475 artificiosa,
515 1403 645 1458 verum
665 1404 740 1457 non
765 1381 953 1462 naturalis.
1006 1383 1110 1470 Idem

21 1489 111 1562 fere
142 1486 197 1561 de
227 1485 396 1562 omnibus
419 1481 555 1558 ceteris
585 1475 822 1578 Methodissis
847 1477 937 1556 ferri
966 1487 1109 1580 poterit

21 1586 233 1682 judicium·

513 1819 548 1910 t.
596 1811 664 1893 ιν.
725 1811 772 1828 ’·

107 1967 285 2044 Maxime
318 1975 456 2044 natura
506 1967 736 2043 conveniens
784 1969 981 2047 methodus
1003 1971 1117 2050 dotet

40 2065 125 2159 illa,
164 2089 248 2161 quas
280 2087 325 2142 eu
351 2065 558 2142 animalium
594 2079 786 2162 peteretur
829 2065 1026 2162 limatura,
1073 2091 1118 2146 o-

40 2164 680 2356 lllttutitlttltfflfltli
715 2163 1114 2342 itltt‘tltil

46 2351 50 2362 ,
462 2314 473 2336 ·
1097 2315 1112 2360 ι

44 2385 152 2454 quam
179 2361 254 2456 ipsa
289 2359 516 2458 experientia
545 2359 721 2454 adjutrice
754 2359 972 2452 didicimus,
1016 2359 1116 2460 quot

48 2462 175 2536 Fabius
210 2462 366 2534 Columna
401 2459 439 2534 in
471 2459 567 2536 libro
598 2458 662 2534 suo
688 2459 735 2532 de
778 2457 935 2572 Propino
959 2459 1012 2534 lat
1044 2462 1118 2534 ele·

52 2573 181 2652 gauter
208 2556 594 2652 couscriptonsrarit,
642 2578 689 2628 ex
719 2555 883 2631 animalis
908 2555 1118 2634 differentia

56 2657 165 2730 etium
193 2653 293 2731 testa
314 2655 560 2730 differentiam
582 2652 810 2748 provenire,
838 2653 874 2728 u
907 2651 1119 2732 talitatis!

59 2753 216 2830 animalis
236 2753 364 2830 testam
389 2751 634 2828 mechanismo
660 2749 902 2848 respondere,
934 2766 977 2828 ut
1009 2754 1117 2830 aliter

57 2850 127 2927 esse
159 2873 238 2928 non
269 2849 387 2948 poffit.
429 2849 472 2926 Id
499 2863 622 2928 autem
650 2849 844 2926 meditanti
880 2851 998 2930 ardue
1030 2850 1119 2930 diffi-

52 2951 214 3028 cultates
250 2951 286 3026 dt
322 2948 422 3028 vinci
457 2947 609 3040 nescia,
659 2969 793 3064 magno
836 2949 908 3026 sese
952 2949 1118 3040 offerunt

48 3069 235 3141 numero,
265 3060 308 3124 ut
332 3070 409 3124 non
432 3049 586 3124 multum
611 3047 729 3146 gaudit
759 3069 805 3122 ex
837 3049 911 3126 hoc
943 3047 1120 3128 scrutinio
1149 3067 1164 3086 ⁴·

48 3145 248 3242 percipiat.
292 3143 348 3222 Es
376 3157 464 3222 toto
494 3145 591 3222 enim
617 3145 822 3220 animalium
847 3169 1010 3238 acervo,
1039 3147 1119 3224 nul·

47 3249 82 3320 la
103 3244 194 3322 sane
210 3243 339 3338 majori
365 3265 447 3318 turn
474 3243 698 3340 negligentia
732 3243 813 3318 sunt
845 3243 1042 3336 descripta,
1084 3243 1121 3322 ὰ

49 3365 124 3438 qua
157 3363 286 3418 eorum
310 3341 527 3432 facultates,
560 3341 771 3434 explorata,
798 3363 902 3438 quam
931 3341 1013 3434 illa,
1041 3361 1121 3437 qua

51 3445 227 3539 Mallusca
257 3441 429 3530 audiunt,
474 3437 509 3513 dt
542 3437 695 3534 legitimi
734 3439 815 3512 sunt
851 3439 1119 3516 inhabitatores

49 3540 245 3614 testarum.
290 3536 477 3632 Myriades
500 3537 611 3610 etiam
646 3533 886 3612 testaceorum
911 3537 949 3612 in
970 3537 1120 3633 prolun-

50 3641 103 3712 do
139 3635 248 3711 maris
284 3634 347 3710 sun
403 3633 594 3725 demersae,
618 3637 679 3707 ‘ut
717 3633 860 3710 difficile
889 3634 952 3710 sub
985 3640 1118 3714 oculos

49 3650 371 3832 proficiscentiutd
402 3734 649 3830 proprietates
667 3731 812 3808 illorum
834 3727 980 3810 cadant?
1011 3733 1132 3812 Non.

50 3833 158 3910 nulla
183 3852 326 3925 quoque
352 3853 398 3905 ex
430 3853 519 3926 aqua
545 3831 682 3908 marina
714 3829 874 3906 exesas
909 3833 971 3909 vel
997 3831 1120 3908 statim

50 3943 182 4008 morte
207 3929 509 4028 exstinguuntur,
537 3932 602 4006 vel.
635 3929 690 4100 ihs
723 3927 888 4023 vivunt,
924 3943 995 4026 ut,
1033 3929 1160 4010 dun·

636 4065 639 4074 ·
710 4047 730 4116 5
1075 4041 1121 4098 ex
1164 4033 1182 4054 ²
