<?xml version="1.0" encoding="UTF-8"?>
<!DOCTYPE html PUBLIC "-//W3C//DTD XHTML 1.0 Transitional//EN"
    "http://www.w3.org/TR/xhtml1/DTD/xhtml1-transitional.dtd">
<html xmlns="http://www.w3.org/1999/xhtml" xml:lang="en" lang="en">
 <head>
  <title>
</title>
<meta http-equiv="Content-Type" content="text/html;charset=utf-8" />
  <meta name='ocr-system' content='tesseract 3.04.00' />
  <meta name='ocr-capabilities' content='ocr_page ocr_carea ocr_par ocr_line ocrx_word'/>
</head>
<body>
  <div class='ocr_page' id='page_1' title='image "./carolialinnequi08schrgoog_0189.png"; bbox 0 0 2670 4824; ppageno 0'>
   <div class='ocr_carea' id='block_1_1' title="bbox 208 191 1331 414">
    <p class='ocr_par' dir='ltr' id='par_1_1' title="bbox 208 191 1331 414">
     <span class='ocr_line' id='line_1_1' title="bbox 208 191 1331 414; baseline -0.003 -74"><span class='ocrx_word' id='word_1_1' title='bbox 208 247 282 368; x_wconf 69' lang='lat'>1³78</span> <span class='ocrx_word' id='word_1_2' title='bbox 502 225 712 342; x_wconf 74' lang='lat' dir='ltr'>rauca</span> <span class='ocrx_word' id='word_1_3' title='bbox 754 191 970 339; x_wconf 53' lang='lat' dir='ltr'>&#39;vesca</span> <span class='ocrx_word' id='word_1_4' title='bbox 1330 324 1331 414; x_wconf 75' lang='lat' dir='ltr'>i</span> 
     </span>
    </p>
   </div>
   <div class='ocr_carea' id='block_1_2' title="bbox 122 435 1332 1127">
    <p class='ocr_par' dir='ltr' id='par_1_2' title="bbox 122 435 1332 1127">
     <span class='ocr_line' id='line_1_2' title="bbox 204 435 1272 546; baseline -0.011 -20"><span class='ocrx_word' id='word_1_5' title='bbox 204 447 384 546; x_wconf 75' lang='lat' dir='ltr'>triptica,</span> <span class='ocrx_word' id='word_1_6' title='bbox 410 439 438 520; x_wconf 83' lang='lat' dir='ltr'>fi</span> <span class='ocrx_word' id='word_1_7' title='bbox 466 463 544 520; x_wconf 87' lang='lat' dir='ltr'>noa</span> <span class='ocrx_word' id='word_1_8' title='bbox 570 441 673 520; x_wconf 78' lang='lat' dir='ltr'>timul</span> <span class='ocrx_word' id='word_1_9' title='bbox 696 445 873 531; x_wconf 78' lang='lat' dir='ltr'>tartarum</span> <span class='ocrx_word' id='word_1_10' title='bbox 909 435 1075 529; x_wconf 85' lang='lat' dir='ltr'>dentium</span> <span class='ocrx_word' id='word_1_11' title='bbox 1112 437 1272 531; x_wconf 72' lang='lat' dir='ltr'>tollant,</span> 
     </span>
     <span class='ocr_line' id='line_1_3' title="bbox 204 535 1274 641; baseline -0.015 -15"><span class='ocrx_word' id='word_1_12' title='bbox 204 549 272 626; x_wconf 90' lang='lat' dir='ltr'>ubi</span> <span class='ocrx_word' id='word_1_13' title='bbox 294 541 502 622; x_wconf 76' lang='lat' dir='ltr'>immediate</span> <span class='ocrx_word' id='word_1_14' title='bbox 527 561 638 641; x_wconf 78' lang='lat' dir='ltr'>agere</span> <span class='ocrx_word' id='word_1_15' title='bbox 665 539 834 636; x_wconf 81' lang='lat' dir='ltr'>poiiunt,</span> <span class='ocrx_word' id='word_1_16' title='bbox 870 535 965 612; x_wconf 84' lang='lat' dir='ltr'>fallit</span> <span class='ocrx_word' id='word_1_17' title='bbox 988 549 1091 612; x_wconf 85' lang='lat' dir='ltr'>certe</span> <span class='ocrx_word' id='word_1_18' title='bbox 1126 536 1274 612; x_wconf 62' lang='lat' dir='ltr'>&amp;sallia</span> 
     </span>
     <span class='ocr_line' id='line_1_4' title="bbox 122 630 1275 732; baseline -0.014 -11"><span class='ocrx_word' id='word_1_19' title='bbox 122 669 128 690; x_wconf 74' lang='lat'><em>⁶</em></span> <span class='ocrx_word' id='word_1_20' title='bbox 204 657 272 720; x_wconf 89' lang='lat' dir='ltr'>tur</span> <span class='ocrx_word' id='word_1_21' title='bbox 292 663 421 718; x_wconf 88' lang='lat' dir='ltr'>eorum</span> <span class='ocrx_word' id='word_1_22' title='bbox 446 637 583 716; x_wconf 76' lang='lat' dir='ltr'>auster.</span> <span class='ocrx_word' id='word_1_23' title='bbox 630 637 920 732; x_wconf 86' lang='lat' dir='ltr'>Lithontriptica</span> <span class='ocrx_word' id='word_1_24' title='bbox 951 634 1013 711; x_wconf 88' lang='lat' dir='ltr'>sua</span> <span class='ocrx_word' id='word_1_25' title='bbox 1037 630 1175 728; x_wconf 78' lang='lat' dir='ltr'>jrueut</span> <span class='ocrx_word' id='word_1_26' title='bbox 1192 637 1275 728; x_wconf 89' lang='lat' dir='ltr'>alii,</span> 
     </span>
     <span class='ocr_line' id='line_1_5' title="bbox 204 731 1275 828; baseline -0.016 -6"><span class='ocrx_word' id='word_1_27' title='bbox 204 741 317 822; x_wconf 84' lang='lat' dir='ltr'>uobis</span> <span class='ocrx_word' id='word_1_28' title='bbox 345 739 493 816; x_wconf 88' lang='lat' dir='ltr'>unicum</span> <span class='ocrx_word' id='word_1_29' title='bbox 518 751 684 826; x_wconf 88' lang='lat' dir='ltr'>tanturn,</span> <span class='ocrx_word' id='word_1_30' title='bbox 711 734 810 828; x_wconf 90' lang='lat' dir='ltr'>quod</span> <span class='ocrx_word' id='word_1_31' title='bbox 823 735 1010 808; x_wconf 81' lang='lat' dir='ltr'>materiam</span> <span class='ocrx_word' id='word_1_32' title='bbox 1028 731 1140 808; x_wconf 90' lang='lat' dir='ltr'>solvit</span> <span class='ocrx_word' id='word_1_33' title='bbox 1155 745 1275 806; x_wconf 87' lang='lat' dir='ltr'>tarta·</span> 
     </span>
     <span class='ocr_line' id='line_1_6' title="bbox 205 829 1287 931; baseline -0.011 -16"><span class='ocrx_word' id='word_1_34' title='bbox 205 860 328 931; x_wconf 88' lang='lat' dir='ltr'>ream,</span> <span class='ocrx_word' id='word_1_35' title='bbox 353 834 583 926; x_wconf 73' lang='lat' dir='ltr'>potamau,</span> <span class='ocrx_word' id='word_1_36' title='bbox 631 833 799 928; x_wconf 91' lang='lat' dir='ltr'>quodque</span> <span class='ocrx_word' id='word_1_37' title='bbox 827 831 878 906; x_wconf 85' lang='lat' dir='ltr'>est</span> <span class='ocrx_word' id='word_1_38' title='bbox 902 829 1027 906; x_wconf 83' lang='lat' dir='ltr'>succus</span> <span class='ocrx_word' id='word_1_39' title='bbox 1051 831 1287 927; x_wconf 59' lang='lat' dir='ltr'>Fragorum„</span> 
     </span>
     <span class='ocr_line' id='line_1_7' title="bbox 150 928 1332 1030; baseline -0.012 -16"><span class='ocrx_word' id='word_1_40' title='bbox 150 951 158 968; x_wconf 81' lang='lat'><strong><em>‘</em></strong></span> <span class='ocrx_word' id='word_1_41' title='bbox 206 935 279 1013; x_wconf 85' lang='lat' dir='ltr'>Fra</span> <span class='ocrx_word' id='word_1_42' title='bbox 303 956 325 1009; x_wconf 88' lang='lat' dir='ltr'>a</span> <span class='ocrx_word' id='word_1_43' title='bbox 347 935 477 1030; x_wconf 89' lang='lat' dir='ltr'>maj0ri</span> <span class='ocrx_word' id='word_1_44' title='bbox 494 933 601 1027; x_wconf 86' lang='lat' dir='ltr'>copia</span> <span class='ocrx_word' id='word_1_45' title='bbox 627 931 748 1006; x_wconf 83' lang='lat' dir='ltr'>affumi</span> <span class='ocrx_word' id='word_1_46' title='bbox 779 928 950 1025; x_wconf 78' lang='lat' dir='ltr'><strong>possunt,</strong></span> <span class='ocrx_word' id='word_1_47' title='bbox 980 949 1086 1024; x_wconf 80' lang='lat' dir='ltr'>quum</span> <span class='ocrx_word' id='word_1_48' title='bbox 1108 929 1173 1003; x_wconf 90' lang='lat' dir='ltr'>uili</span> <span class='ocrx_word' id='word_1_49' title='bbox 1210 928 1274 1002; x_wconf 90' lang='lat' dir='ltr'>alii</span> <span class='ocrx_word' id='word_1_50' title='bbox 1331 955 1332 964; x_wconf 18' lang='grc' dir='ltr'><strong><em>Ν</em></strong></span> 
     </span>
     <span class='ocr_line' id='line_1_8' title="bbox 207 1027 1220 1127; baseline -0.009 -14"><span class='ocrx_word' id='word_1_51' title='bbox 207 1033 268 1114; x_wconf 70' lang='lat' dir='ltr'>{ru</span> <span class='ocrx_word' id='word_1_52' title='bbox 327 1031 591 1124; x_wconf 79' lang='lat' dir='ltr'>rarescentes,</span> <span class='ocrx_word' id='word_1_53' title='bbox 619 1029 655 1104; x_wconf 72' lang='lat' dir='ltr'>it</span> <span class='ocrx_word' id='word_1_54' title='bbox 679 1029 823 1124; x_wconf 90' lang='lat' dir='ltr'>quidem</span> <span class='ocrx_word' id='word_1_55' title='bbox 842 1029 978 1122; x_wconf 79' lang='lat' dir='ltr'><strong>absque</strong></span> <span class='ocrx_word' id='word_1_56' title='bbox 1009 1027 1082 1102; x_wconf 87' lang='lat' dir='ltr'>ulla</span> <span class='ocrx_word' id='word_1_57' title='bbox 1105 1046 1220 1127; x_wconf 69' lang='lat' dir='ltr'>noua.</span> 
     </span>
    </p>
   </div>
   <div class='ocr_carea' id='block_1_3' title="bbox 180 1219 1275 1916">
    <p class='ocr_par' dir='ltr' id='par_1_3' title="bbox 279 1219 1275 1321">
     <span class='ocr_line' id='line_1_9' title="bbox 279 1219 1275 1321; baseline -0.007 -18"><span class='ocrx_word' id='word_1_58' title='bbox 279 1223 347 1302; x_wconf 86' lang='lat' dir='ltr'>Hae</span> <span class='ocrx_word' id='word_1_59' title='bbox 372 1225 520 1318; x_wconf 81' lang='lat' dir='ltr'>Bacca,</span> <span class='ocrx_word' id='word_1_60' title='bbox 543 1241 673 1320; x_wconf 84' lang='lat' dir='ltr'>magna</span> <span class='ocrx_word' id='word_1_61' title='bbox 687 1223 798 1319; x_wconf 87' lang='lat' dir='ltr'>copia</span> <span class='ocrx_word' id='word_1_62' title='bbox 813 1223 983 1321; x_wconf 76' lang='lat' dir='ltr'>ingesta,</span> <span class='ocrx_word' id='word_1_63' title='bbox 1009 1221 1113 1298; x_wconf 81' lang='lat' dir='ltr'>nuda</span> <span class='ocrx_word' id='word_1_64' title='bbox 1134 1219 1275 1317; x_wconf 76' lang='lat' dir='ltr'>&amp;qua-</span> 
     </span>
    </p>

    <p class='ocr_par' dir='ltr' id='par_1_4' title="bbox 180 1319 1333 1614">
     <span class='ocr_line' id='line_1_10' title="bbox 207 1319 1275 1417; baseline -0.01 -13"><span class='ocrx_word' id='word_1_65' title='bbox 207 1325 238 1404; x_wconf 81' lang='lat' dir='ltr'>n</span> <span class='ocrx_word' id='word_1_66' title='bbox 256 1323 515 1416; x_wconf 75' lang='lat' dir='ltr'>decorticata,</span> <span class='ocrx_word' id='word_1_67' title='bbox 547 1321 654 1397; x_wconf 87' lang='lat' dir='ltr'>facile</span> <span class='ocrx_word' id='word_1_68' title='bbox 680 1321 933 1417; x_wconf 87' lang='lat' dir='ltr'>exprimuntur</span> <span class='ocrx_word' id='word_1_69' title='bbox 955 1342 1020 1417; x_wconf 91' lang='lat' dir='ltr'>per</span> <span class='ocrx_word' id='word_1_70' title='bbox 1043 1319 1122 1395; x_wconf 87' lang='lat' dir='ltr'>vias</span> <span class='ocrx_word' id='word_1_71' title='bbox 1142 1320 1275 1414; x_wconf 81' lang='lat' dir='ltr'>chyio·</span> 
     </span>
     <span class='ocr_line' id='line_1_11' title="bbox 206 1417 1273 1521; baseline -0.002 -23"><span class='ocrx_word' id='word_1_72' title='bbox 206 1424 415 1521; x_wconf 77' lang='lat' dir='ltr'>poeticae,</span> <span class='ocrx_word' id='word_1_73' title='bbox 440 1432 484 1495; x_wconf 90' lang='lat' dir='ltr'>ut</span> <span class='ocrx_word' id='word_1_74' title='bbox 514 1418 639 1495; x_wconf 86' lang='lat' dir='ltr'>succus</span> <span class='ocrx_word' id='word_1_75' title='bbox 666 1437 728 1493; x_wconf 78' lang='lat' dir='ltr'>ex&#39;</span> <span class='ocrx_word' id='word_1_76' title='bbox 744 1419 801 1494; x_wconf 87' lang='lat' dir='ltr'>his</span> <span class='ocrx_word' id='word_1_77' title='bbox 827 1419 876 1495; x_wconf 80' lang='lat' dir='ltr'>sic</span> <span class='ocrx_word' id='word_1_78' title='bbox 915 1417 1118 1515; x_wconf 74' lang='lat' dir='ltr'>expressus,</span> <span class='ocrx_word' id='word_1_79' title='bbox 1158 1421 1273 1493; x_wconf 86' lang='lat' dir='ltr'>abun·</span> 
     </span>
     <span class='ocr_line' id='line_1_12' title="bbox 180 1514 1269 1614; baseline -0.01 -14"><span class='ocrx_word' id='word_1_80' title='bbox 180 1518 358 1600; x_wconf 77' lang='lat' dir='ltr'>·oantior</span> <span class='ocrx_word' id='word_1_81' title='bbox 378 1539 461 1595; x_wconf 88' lang='lat' dir='ltr'>cum</span> <span class='ocrx_word' id='word_1_82' title='bbox 485 1517 593 1593; x_wconf 80' lang='lat' dir='ltr'>maiia</span> <span class='ocrx_word' id='word_1_83' title='bbox 612 1514 805 1614; x_wconf 84' lang='lat' dir='ltr'>sanguinea</span> <span class='ocrx_word' id='word_1_84' title='bbox 827 1514 934 1612; x_wconf 85' lang='lat' dir='ltr'>poffit</span> <span class='ocrx_word' id='word_1_85' title='bbox 955 1517 1119 1608; x_wconf 79' lang='lat' dir='ltr'>misceri,</span> <span class='ocrx_word' id='word_1_86' title='bbox 1145 1516 1269 1590; x_wconf 69' lang='lat' dir='ltr'>vires:</span> 
     </span>
    </p>

    <p class='ocr_par' dir='ltr' id='par_1_5' title="bbox 216 1613 1274 1713">
     <span class='ocr_line' id='line_1_13' title="bbox 216 1613 1274 1713; baseline -0.004 -19"><span class='ocrx_word' id='word_1_87' title='bbox 216 1627 282 1694; x_wconf 82' lang='lat' dir='ltr'>&#39;ue</span> <span class='ocrx_word' id='word_1_88' title='bbox 305 1617 382 1694; x_wconf 84' lang='lat' dir='ltr'>suat</span> <span class='ocrx_word' id='word_1_89' title='bbox 400 1638 465 1713; x_wconf 92' lang='lat' dir='ltr'>per</span> <span class='ocrx_word' id='word_1_90' title='bbox 487 1615 611 1690; x_wconf 89' lang='lat' dir='ltr'>omnia</span> <span class='ocrx_word' id='word_1_91' title='bbox 633 1613 717 1690; x_wconf 86' lang='lat' dir='ltr'>vasa</span> <span class='ocrx_word' id='word_1_92' title='bbox 736 1615 854 1701; x_wconf 77' lang='lat' dir='ltr'>totius</span> <span class='ocrx_word' id='word_1_93' title='bbox 873 1614 1040 1712; x_wconf 87' lang='lat' dir='ltr'>corporis</span> <span class='ocrx_word' id='word_1_94' title='bbox 1075 1615 1178 1690; x_wconf 88' lang='lat' dir='ltr'>fimul</span> <span class='ocrx_word' id='word_1_95' title='bbox 1206 1632 1274 1690; x_wconf 75' lang='lat' dir='ltr'>eu·</span> 
     </span>
    </p>

    <p class='ocr_par' dir='ltr' id='par_1_6' title="bbox 207 1641 1274 1808">
     <span class='ocr_line' id='line_1_14' title="bbox 207 1641 1274 1808; baseline -0.008 -13"><span class='ocrx_word' id='word_1_96' title='bbox 207 1641 355 1806; x_wconf 42' lang='lat' dir='ltr'>ierem</span> <span class='ocrx_word' id='word_1_97' title='bbox 384 1714 522 1790; x_wconf 87' lang='lat' dir='ltr'>diluere</span> <span class='ocrx_word' id='word_1_98' title='bbox 545 1713 685 1788; x_wconf 85' lang='lat' dir='ltr'>scilicet</span> <span class='ocrx_word' id='word_1_99' title='bbox 714 1713 875 1808; x_wconf 90' lang='lat' dir='ltr'>impura,</span> <span class='ocrx_word' id='word_1_100' title='bbox 912 1713 1058 1790; x_wconf 84' lang='lat' dir='ltr'>solvere</span> <span class='ocrx_word' id='word_1_101' title='bbox 1087 1707 1274 1802; x_wconf 82' lang='lat' dir='ltr'>sabulosa,</span> 
     </span>
    </p>

    <p class='ocr_par' dir='ltr' id='par_1_7' title="bbox 210 1805 1270 1916">
     <span class='ocr_line' id='line_1_15' title="bbox 210 1805 1270 1916; baseline -0.005 -25"><span class='ocrx_word' id='word_1_102' title='bbox 210 1815 250 1890; x_wconf 77' lang='lat' dir='ltr'>er</span> <span class='ocrx_word' id='word_1_103' title='bbox 263 1805 389 1909; x_wconf 75' lang='lat' dir='ltr'>pirum</span> <span class='ocrx_word' id='word_1_104' title='bbox 412 1813 474 1890; x_wconf 79' lang='lat' dir='ltr'>iub</span> <span class='ocrx_word' id='word_1_105' title='bbox 511 1809 629 1902; x_wconf 82' lang='lat' dir='ltr'>Sirio,</span> <span class='ocrx_word' id='word_1_106' title='bbox 671 1831 745 1907; x_wconf 91' lang='lat' dir='ltr'>quo</span> <span class='ocrx_word' id='word_1_107' title='bbox 780 1809 998 1906; x_wconf 87' lang='lat' dir='ltr'>prodeunt,</span> <span class='ocrx_word' id='word_1_108' title='bbox 1036 1809 1188 1887; x_wconf 74' lang='lat' dir='ltr'>triente</span> <span class='ocrx_word' id='word_1_109' title='bbox 1212 1830 1270 1916; x_wconf 77' lang='lat' dir='ltr'>re·</span> 
     </span>
    </p>
   </div>
   <div class='ocr_carea' id='block_1_4' title="bbox 206 1911 527 2016">
    <p class='ocr_par' dir='ltr' id='par_1_8' title="bbox 206 1911 527 2016">
     <span class='ocr_line' id='line_1_16' title="bbox 206 1911 527 2016; baseline -0.019 -24"><span class='ocrx_word' id='word_1_110' title='bbox 206 1911 396 2014; x_wconf 76' lang='lat' dir='ltr'>itiperare.</span> <span class='ocrx_word' id='word_1_111' title='bbox 519 1997 527 2016; x_wconf 59' lang='lat'>„</span> 
     </span>
    </p>
   </div>
   <div class='ocr_carea' id='block_1_5' title="bbox 175 2095 1334 2692">
    <p class='ocr_par' dir='ltr' id='par_1_9' title="bbox 175 2095 1334 2692">
     <span class='ocr_line' id='line_1_17' title="bbox 291 2095 1334 2204; baseline 0 -23"><span class='ocrx_word' id='word_1_112' title='bbox 291 2095 521 2202; x_wconf 84' lang='lat' dir='ltr'>Quicumque</span> <span class='ocrx_word' id='word_1_113' title='bbox 546 2103 671 2200; x_wconf 88' lang='lat' dir='ltr'>itaque</span> <span class='ocrx_word' id='word_1_114' title='bbox 695 2103 811 2203; x_wconf 82' lang='lat' dir='ltr'>Frage</span> <span class='ocrx_word' id='word_1_115' title='bbox 833 2105 1015 2204; x_wconf 80' lang='lat' dir='ltr'>copiosius</span> <span class='ocrx_word' id='word_1_116' title='bbox 1035 2103 1203 2201; x_wconf 73' lang='lat' dir='ltr'>affuerit,</span> <span class='ocrx_word' id='word_1_117' title='bbox 1235 2105 1273 2181; x_wconf 74' lang='lat' dir='ltr'>ir</span> <span class='ocrx_word' id='word_1_118' title='bbox 1333 2131 1334 2140; x_wconf 45' lang='lat'>¹</span> 
     </span>
     <span class='ocr_line' id='line_1_18' title="bbox 211 2201 1270 2300; baseline 0 -20"><span class='ocrx_word' id='word_1_119' title='bbox 211 2203 378 2300; x_wconf 85' lang='lat' dir='ltr'>quotidie</span> <span class='ocrx_word' id='word_1_120' title='bbox 397 2203 453 2278; x_wconf 86' lang='lat' dir='ltr'>bis</span> <span class='ocrx_word' id='word_1_121' title='bbox 477 2203 695 2296; x_wconf 86' lang='lat' dir='ltr'>continuat,</span> <span class='ocrx_word' id='word_1_122' title='bbox 719 2204 889 2298; x_wconf 85' lang='lat' dir='ltr'>quamdiu</span> <span class='ocrx_word' id='word_1_123' title='bbox 914 2225 1041 2280; x_wconf 89' lang='lat' dir='ltr'>eorum</span> <span class='ocrx_word' id='word_1_124' title='bbox 1063 2201 1179 2280; x_wconf 85' lang='lat' dir='ltr'>meffis</span> <span class='ocrx_word' id='word_1_125' title='bbox 1206 2202 1270 2280; x_wconf 85' lang='lat' dir='ltr'>du-</span> 
     </span>
     <span class='ocr_line' id='line_1_19' title="bbox 175 2291 1271 2398; baseline -0.003 -19"><span class='ocrx_word' id='word_1_126' title='bbox 175 2311 291 2392; x_wconf 82' lang='lat' dir='ltr'>·rat,</span> <span class='ocrx_word' id='word_1_127' title='bbox 319 2301 433 2398; x_wconf 77' lang='lat' dir='ltr'>magia</span> <span class='ocrx_word' id='word_1_128' title='bbox 468 2297 613 2378; x_wconf 84' lang='lat' dir='ltr'>maffam</span> <span class='ocrx_word' id='word_1_129' title='bbox 649 2291 746 2376; x_wconf 86' lang='lat' dir='ltr'>suam</span> <span class='ocrx_word' id='word_1_130' title='bbox 778 2301 986 2397; x_wconf 83' lang='lat' dir='ltr'>purificabit</span> <span class='ocrx_word' id='word_1_131' title='bbox 1016 2299 1271 2398; x_wconf 83' lang='lat' dir='ltr'>sanguineam,</span> 
     </span>
     <span class='ocr_line' id='line_1_20' title="bbox 210 2397 1274 2503; baseline 0.002 -28"><span class='ocrx_word' id='word_1_132' title='bbox 210 2409 318 2503; x_wconf 87' lang='lat' dir='ltr'>quam</span> <span class='ocrx_word' id='word_1_133' title='bbox 334 2400 412 2476; x_wconf 86' lang='lat' dir='ltr'>ullo</span> <span class='ocrx_word' id='word_1_134' title='bbox 432 2397 541 2472; x_wconf 90' lang='lat' dir='ltr'>fonte</span> <span class='ocrx_word' id='word_1_135' title='bbox 560 2398 700 2490; x_wconf 85' lang='lat' dir='ltr'>soterio</span> <span class='ocrx_word' id='word_1_136' title='bbox 725 2412 787 2475; x_wconf 86' lang='lat' dir='ltr'>aut</span> <span class='ocrx_word' id='word_1_137' title='bbox 811 2421 902 2496; x_wconf 85' lang='lat' dir='ltr'>aqua</span> <span class='ocrx_word' id='word_1_138' title='bbox 925 2401 1113 2491; x_wconf 80' lang='lat' dir='ltr'>minerali3</span> <span class='ocrx_word' id='word_1_139' title='bbox 1143 2401 1204 2496; x_wconf 90' lang='lat' dir='ltr'>qui</span> <span class='ocrx_word' id='word_1_140' title='bbox 1229 2401 1274 2476; x_wconf 76' lang='lat' dir='ltr'>ii·</span> 
     </span>
     <span class='ocr_line' id='line_1_21' title="bbox 209 2495 1269 2604; baseline -0.006 -26"><span class='ocrx_word' id='word_1_141' title='bbox 209 2500 287 2578; x_wconf 80' lang='lat' dir='ltr'>mul</span> <span class='ocrx_word' id='word_1_142' title='bbox 301 2499 444 2604; x_wconf 74' lang='lat' dir='ltr'>laborat</span> <span class='ocrx_word' id='word_1_143' title='bbox 464 2496 634 2572; x_wconf 84' lang='lat' dir='ltr'><strong>dentibus</strong></span> <span class='ocrx_word' id='word_1_144' title='bbox 650 2495 889 2590; x_wconf 88' lang='lat' dir='ltr'>scotbuticis,</span> <span class='ocrx_word' id='word_1_145' title='bbox 916 2495 1088 2590; x_wconf 82' lang='lat' dir='ltr'>viscidir,</span> <span class='ocrx_word' id='word_1_146' title='bbox 1115 2497 1269 2590; x_wconf 80' lang='lat' dir='ltr'>fraudis,</span> 
     </span>
     <span class='ocr_line' id='line_1_22' title="bbox 209 2593 1271 2692; baseline -0.003 -20"><span class='ocrx_word' id='word_1_147' title='bbox 209 2596 250 2672; x_wconf 71' lang='lat' dir='ltr'>or</span> <span class='ocrx_word' id='word_1_148' title='bbox 274 2595 371 2692; x_wconf 91' lang='lat' dir='ltr'>quod</span> <span class='ocrx_word' id='word_1_149' title='bbox 389 2595 506 2691; x_wconf 89' lang='lat' dir='ltr'>probe</span> <span class='ocrx_word' id='word_1_150' title='bbox 526 2594 793 2671; x_wconf 88' lang='lat' dir='ltr'>observandum</span> <span class='ocrx_word' id='word_1_151' title='bbox 809 2611 937 2672; x_wconf 77' lang='lat' dir='ltr'>tortam</span> <span class='ocrx_word' id='word_1_152' title='bbox 953 2593 1145 2688; x_wconf 77' lang='lat' dir='ltr'>obduuir,</span> <span class='ocrx_word' id='word_1_153' title='bbox 1172 2596 1271 2670; x_wconf 89' lang='lat' dir='ltr'>intra</span> 
     </span>
    </p>
   </div>
   <div class='ocr_carea' id='block_1_6' title="bbox 209 2693 1272 2869">
    <p class='ocr_par' dir='ltr' id='par_1_10' title="bbox 209 2693 1272 2869">
     <span class='ocr_line' id='line_1_23' title="bbox 209 2693 1272 2794; baseline 0 -24"><span class='ocrx_word' id='word_1_154' title='bbox 209 2693 487 2787; x_wconf 87' lang='lat' dir='ltr'>quatuordecim</span> <span class='ocrx_word' id='word_1_155' title='bbox 512 2693 591 2770; x_wconf 82' lang='lat' dir='ltr'>dies</span> <span class='ocrx_word' id='word_1_156' title='bbox 615 2715 682 2784; x_wconf 81' lang='lat' dir='ltr'>eoa</span> <span class='ocrx_word' id='word_1_157' title='bbox 699 2693 922 2794; x_wconf 81' lang='lat' dir='ltr'>depurgator</span> <span class='ocrx_word' id='word_1_158' title='bbox 939 2693 1105 2790; x_wconf 87' lang='lat' dir='ltr'>videbit,</span> <span class='ocrx_word' id='word_1_159' title='bbox 1130 2707 1272 2771; x_wconf 87' lang='lat' dir='ltr'>tartaro</span> 
     </span>
     <span class='ocr_line' id='line_1_24' title="bbox 210 2792 469 2869; baseline 0.012 -3"><span class='ocrx_word' id='word_1_160' title='bbox 210 2793 315 2868; x_wconf 87' lang='lat' dir='ltr'>omni</span> <span class='ocrx_word' id='word_1_161' title='bbox 331 2792 469 2869; x_wconf 85' lang='lat' dir='ltr'>ablato.</span> 
     </span>
    </p>
   </div>
   <div class='ocr_carea' id='block_1_7' title="bbox 26 2981 1275 3473">
    <p class='ocr_par' dir='ltr' id='par_1_11' title="bbox 26 2981 1275 3276">
     <span class='ocr_line' id='line_1_25' title="bbox 72 2981 1275 3078; baseline 0.007 -23"><span class='ocrx_word' id='word_1_162' title='bbox 72 3062 75 3068; x_wconf 61' lang='grc'><em>,</em></span> <span class='ocrx_word' id='word_1_163' title='bbox 280 2981 403 3058; x_wconf 82' lang='lat' dir='ltr'>Diaeta</span> <span class='ocrx_word' id='word_1_164' title='bbox 439 2983 544 3060; x_wconf 80' lang='lat' dir='ltr'>simul</span> <span class='ocrx_word' id='word_1_165' title='bbox 574 2981 799 3062; x_wconf 80' lang='lat' dir='ltr'>obseruanda</span> <span class='ocrx_word' id='word_1_166' title='bbox 837 2985 932 3078; x_wconf 89' lang='lat' dir='ltr'>erit,</span> <span class='ocrx_word' id='word_1_167' title='bbox 979 2997 1023 3062; x_wconf 88' lang='lat' dir='ltr'>ut</span> <span class='ocrx_word' id='word_1_168' title='bbox 1057 2983 1202 3064; x_wconf 80' lang='lat' dir='ltr'>facium</span> <span class='ocrx_word' id='word_1_169' title='bbox 1238 2983 1275 3062; x_wconf 77' lang='lat' dir='ltr'>ie</span> 
     </span>
     <span class='ocr_line' id='line_1_26' title="bbox 26 3080 1272 3182; baseline 0.002 -29"><span class='ocrx_word' id='word_1_170' title='bbox 26 3099 32 3108; x_wconf 70' lang='lat'><em>‘</em></span> <span class='ocrx_word' id='word_1_171' title='bbox 208 3082 392 3180; x_wconf 78' lang='lat' dir='ltr'>promtius</span> <span class='ocrx_word' id='word_1_172' title='bbox 432 3102 526 3176; x_wconf 82' lang='lat' dir='ltr'>opus</span> <span class='ocrx_word' id='word_1_173' title='bbox 559 3081 659 3158; x_wconf 89' lang='lat' dir='ltr'>suum</span> <span class='ocrx_word' id='word_1_174' title='bbox 692 3086 765 3158; x_wconf 88' lang='lat' dir='ltr'>hoc</span> <span class='ocrx_word' id='word_1_175' title='bbox 800 3083 1028 3160; x_wconf 82' lang='lat' dir='ltr'>medicamen</span> <span class='ocrx_word' id='word_1_176' title='bbox 1080 3080 1272 3182; x_wconf 58' lang='lat' dir='ltr'>perficiam</span> 
     </span>
     <span class='ocr_line' id='line_1_27' title="bbox 94 3179 1273 3276; baseline 0.003 -26"><span class='ocrx_word' id='word_1_177' title='bbox 94 3223 98 3230; x_wconf 84' lang='lat'><em>.</em></span> <span class='ocrx_word' id='word_1_178' title='bbox 208 3199 288 3274; x_wconf 81' lang='lat' dir='ltr'>quae</span> <span class='ocrx_word' id='word_1_179' title='bbox 313 3179 351 3254; x_wconf 92' lang='lat' dir='ltr'>in</span> <span class='ocrx_word' id='word_1_180' title='bbox 376 3179 533 3273; x_wconf 87' lang='lat' dir='ltr'>parciori</span> <span class='ocrx_word' id='word_1_181' title='bbox 557 3181 617 3254; x_wconf 90' lang='lat' dir='ltr'>esu</span> <span class='ocrx_word' id='word_1_182' title='bbox 639 3179 834 3275; x_wconf 84' lang='lat' dir='ltr'>Carnium,</span> <span class='ocrx_word' id='word_1_183' title='bbox 879 3183 915 3256; x_wconf 75' lang='grc' dir='ltr'>δι</span> <span class='ocrx_word' id='word_1_184' title='bbox 936 3180 1047 3256; x_wconf 86' lang='lat' dir='ltr'>Lardi</span> <span class='ocrx_word' id='word_1_185' title='bbox 1075 3181 1273 3276; x_wconf 68' lang='lat' dir='ltr'>presertim</span> 
     </span>
    </p>

    <p class='ocr_par' dir='ltr' id='par_1_12' title="bbox 28 3277 1271 3473">
     <span class='ocr_line' id='line_1_28' title="bbox 28 3277 1271 3376; baseline 0 -24"><span class='ocrx_word' id='word_1_186' title='bbox 28 3357 34 3376; x_wconf 24' lang='lat' dir='ltr'>p</span> <span class='ocrx_word' id='word_1_187' title='bbox 64 3345 65 3350; x_wconf 12' lang='lat' dir='ltr'>a</span> <span class='ocrx_word' id='word_1_188' title='bbox 208 3277 391 3369; x_wconf 80' lang='lat' dir='ltr'>durioris,</span> <span class='ocrx_word' id='word_1_189' title='bbox 424 3277 613 3369; x_wconf 83' lang='lat' dir='ltr'>confistit,</span> <span class='ocrx_word' id='word_1_190' title='bbox 647 3279 684 3353; x_wconf 92' lang='lat' dir='ltr'>in</span> <span class='ocrx_word' id='word_1_191' title='bbox 713 3279 926 3360; x_wconf 65' lang='lat' dir='ltr'>abstinendo</span> <span class='ocrx_word' id='word_1_192' title='bbox 949 3280 1041 3356; x_wconf 91' lang='lat' dir='ltr'>item</span> <span class='ocrx_word' id='word_1_193' title='bbox 1061 3281 1110 3354; x_wconf 79' lang='lat' dir='ltr'>ait</span> <span class='ocrx_word' id='word_1_194' title='bbox 1126 3277 1271 3372; x_wconf 75' lang='lat' dir='ltr'>Acidis,</span> 
     </span>
     <span class='ocr_line' id='line_1_29' title="bbox 207 3373 1236 3473; baseline 0.007 -23"><span class='ocrx_word' id='word_1_195' title='bbox 207 3375 388 3473; x_wconf 77' lang='lat' dir='ltr'>praecipue</span> <span class='ocrx_word' id='word_1_196' title='bbox 412 3373 546 3465; x_wconf 79' lang='lat' dir='ltr'>Vinia3</span> <span class='ocrx_word' id='word_1_197' title='bbox 569 3395 687 3470; x_wconf 86' lang='lat' dir='ltr'>neque</span> <span class='ocrx_word' id='word_1_198' title='bbox 707 3378 804 3452; x_wconf 89' lang='lat' dir='ltr'>aliud</span> <span class='ocrx_word' id='word_1_199' title='bbox 827 3377 1018 3454; x_wconf 87' lang='lat' dir='ltr'>vitandum</span> <span class='ocrx_word' id='word_1_200' title='bbox 1046 3376 1236 3458; x_wconf 77' lang='lat' dir='ltr'>novimus.</span> 
     </span>
    </p>
   </div>
   <div class='ocr_carea' id='block_1_8' title="bbox 204 3561 1275 3975">
    <p class='ocr_par' dir='ltr' id='par_1_13' title="bbox 204 3561 1275 3975">
     <span class='ocr_line' id='line_1_30' title="bbox 286 3561 1274 3664; baseline 0 -18"><span class='ocrx_word' id='word_1_201' title='bbox 286 3571 448 3664; x_wconf 80' lang='lat' dir='ltr'>Podagroe</span> <span class='ocrx_word' id='word_1_202' title='bbox 480 3561 542 3646; x_wconf 84' lang='lat' dir='ltr'>seu</span> <span class='ocrx_word' id='word_1_203' title='bbox 574 3569 763 3648; x_wconf 79' lang='lat' dir='ltr'>Artiritidr&#39;</span> <span class='ocrx_word' id='word_1_204' title='bbox 792 3573 931 3650; x_wconf 89' lang='lat' dir='ltr'>nullum</span> <span class='ocrx_word' id='word_1_205' title='bbox 952 3573 1153 3650; x_wconf 86' lang='lat' dir='ltr'>remedium</span> <span class='ocrx_word' id='word_1_206' title='bbox 1188 3569 1274 3648; x_wconf 87' lang='lat' dir='ltr'>huie</span> 
     </span>
     <span class='ocr_line' id='line_1_31' title="bbox 205 3665 1275 3770; baseline -0.001 -27"><span class='ocrx_word' id='word_1_207' title='bbox 205 3667 498 3761; x_wconf 65' lang='lat' dir='ltr'>aequiparandum</span> <span class='ocrx_word' id='word_1_208' title='bbox 530 3669 731 3760; x_wconf 88' lang='lat' dir='ltr'>novimus,</span> <span class='ocrx_word' id='word_1_209' title='bbox 758 3669 782 3744; x_wconf 85' lang='lat' dir='ltr'>si</span> <span class='ocrx_word' id='word_1_210' title='bbox 810 3693 927 3770; x_wconf 77' lang='lat' dir='ltr'>eger,</span> <span class='ocrx_word' id='word_1_211' title='bbox 965 3672 1134 3766; x_wconf 87' lang='lat' dir='ltr'>quamdiu</span> <span class='ocrx_word' id='word_1_212' title='bbox 1158 3665 1275 3766; x_wconf 82' lang='lat' dir='ltr'>Frage</span> 
     </span>
     <span class='ocr_line' id='line_1_32' title="bbox 204 3765 1273 3865; baseline 0.004 -29"><span class='ocrx_word' id='word_1_213' title='bbox 204 3765 461 3860; x_wconf 84' lang='lat' dir='ltr'>proveniunt,</span> <span class='ocrx_word' id='word_1_214' title='bbox 517 3787 562 3842; x_wconf 83' lang='lat' dir='ltr'>eu</span> <span class='ocrx_word' id='word_1_215' title='bbox 602 3767 661 3840; x_wconf 84' lang='lat' dir='ltr'>hia</span> <span class='ocrx_word' id='word_1_216' title='bbox 685 3765 889 3864; x_wconf 89' lang='lat' dir='ltr'>consumit,</span> <span class='ocrx_word' id='word_1_217' title='bbox 926 3781 1099 3865; x_wconf 87' lang='lat' dir='ltr'>quantum</span> <span class='ocrx_word' id='word_1_218' title='bbox 1127 3766 1273 3864; x_wconf 74' lang='lat' dir='ltr'>partitio</span> 
     </span>
     <span class='ocr_line' id='line_1_33' title="bbox 205 3862 1274 3975; baseline -0.001 -39"><span class='ocrx_word' id='word_1_219' title='bbox 205 3862 373 3952; x_wconf 77' lang='lat' dir='ltr'>vicibus,</span> <span class='ocrx_word' id='word_1_220' title='bbox 408 3864 539 3956; x_wconf 89' lang='lat' dir='ltr'>quovis</span> <span class='ocrx_word' id='word_1_221' title='bbox 574 3863 632 3938; x_wconf 86' lang='lat' dir='ltr'>die</span> <span class='ocrx_word' id='word_1_222' title='bbox 666 3877 726 3937; x_wconf 87' lang='lat' dir='ltr'>ter</span> <span class='ocrx_word' id='word_1_223' title='bbox 764 3870 827 3940; x_wconf 86' lang='lat' dir='ltr'>vel</span> <span class='ocrx_word' id='word_1_224' title='bbox 860 3884 1011 3963; x_wconf 87' lang='lat' dir='ltr'>quater,</span> <span class='ocrx_word' id='word_1_225' title='bbox 1051 3865 1274 3975; x_wconf 74' lang='lat' dir='ltr'>ingurgitare</span> 
     </span>
    </p>
   </div>
   <div class='ocr_carea' id='block_1_9' title="bbox 118 3959 1274 4140">
    <p class='ocr_par' dir='ltr' id='par_1_14' title="bbox 118 3959 1274 4140">
     <span class='ocr_line' id='line_1_34' title="bbox 118 3959 1272 4066; baseline 0 -30"><span class='ocrx_word' id='word_1_226' title='bbox 118 3999 123 4008; x_wconf 88' lang='lat'><strong>·</strong></span> <span class='ocrx_word' id='word_1_227' title='bbox 203 3959 374 4058; x_wconf 77' lang='lat' dir='ltr'>poterit,</span> <span class='ocrx_word' id='word_1_228' title='bbox 409 3961 606 4042; x_wconf 78' lang='lat' dir='ltr'>aminare</span> <span class='ocrx_word' id='word_1_229' title='bbox 632 3961 850 4062; x_wconf 87' lang='lat' dir='ltr'>incipiendo</span> <span class='ocrx_word' id='word_1_230' title='bbox 868 3965 997 4066; x_wconf 85' lang='lat' dir='ltr'>copie,</span> <span class='ocrx_word' id='word_1_231' title='bbox 1039 3965 1076 4042; x_wconf 73' lang='lat' dir='ltr'>it</span> <span class='ocrx_word' id='word_1_232' title='bbox 1107 3965 1272 4061; x_wconf 80' lang='lat' dir='ltr'>inprimis</span> 
     </span>
     <span class='ocr_line' id='line_1_35' title="bbox 118 4075 1274 4140; baseline -0.003 0"><span class='ocrx_word' id='word_1_233' title='bbox 118 4078 123 4086; x_wconf 86' lang='lat'>·</span> <span class='ocrx_word' id='word_1_234' title='bbox 353 4109 359 4122; x_wconf 84' lang='lat'><strong>·</strong></span> <span class='ocrx_word' id='word_1_235' title='bbox 659 4111 663 4120; x_wconf 84' lang='lat'><em>-</em></span> <span class='ocrx_word' id='word_1_236' title='bbox 729 4109 739 4120; x_wconf 91' lang='lat'>-</span> <span class='ocrx_word' id='word_1_237' title='bbox 1191 4075 1274 4140; x_wconf 82' lang='lat' dir='ltr'>cum</span> 
     </span>
    </p>
   </div>
   <div class='ocr_carea' id='block_1_10' title="bbox 0 0 1340 4824">
    <p class='ocr_par' dir='ltr' id='par_1_15' title="bbox 0 0 1340 4824">
     <span class='ocr_line' id='line_1_36' title="bbox 0 0 1340 4824; baseline 0 0"><span class='ocrx_word' id='word_1_238' title='bbox 0 0 1340 4824; x_wconf 95' lang='lat' dir='ltr'> </span> 
     </span>
    </p>
   </div>
  </div>
 </body>
</html>
