2750 4832
192 185 195 202 ’
248 257 297 340 30
454 211 656 344 rrb'RA
697 193 1105 320 iurnbnusm.

117 403 118 408 Ν
247 415 460 513 ssiundos,
486 419 547 516 qui
569 417 655 494 huic
680 377 889 514 subjacent,
925 419 1020 496 lacui
1038 417 1186 508 vicinos
1203 433 1315 496 exce·

246 521 372 620 peris,
410 519 454 594 ab
480 519 559 632 aliis
592 519 726 592 accolis
754 519 956 615 separatum
981 518 1041 596 fit„

267 671 288 689 ‘'
324 679 408 753 Pars
432 676 553 754 insulae
579 675 623 751 ad
649 675 833 750 orientem
855 687 1040 772 vergens,
1070 674 1133 750 ubi
1160 674 1319 752 aedificia

99 764 103 772 ’
169 835 173 852 r
249 777 381 949 pbsfit‘il
406 774 508 952 suat,
551 798 571 851 a
607 770 744 870 reliqua
775 776 850 849 lata
887 769 1316 866 foffa,'alniscons1ts,

169 909 173 921 ¹
247 895 345 964 aci
378 896 444 949 ae
477 931 486 952 .
517 934 528 952 ,,
956 897 958 904 ’
1111 919 1115 926 -
1170 917 1173 924 «

324 1033 642 1140 Eprium-adeo
687 1027 880 1136 magnifice
924 1038 1125 1132 exstruiio,
1168 1055 1212 1118 ut
1247 1054 1320 1157 pat

250 1139 442 1236 quidquam
461 1139 498 1214 in
519 1151 610 1224 tota,
624 1137 688 1212 vix
710 1138 913 1234 reperiatur
941 1141 1153 1238 provincia,
1182 1141 1319 1216 laettffi·

251 1261 333 1316 mus
359 1236 566 1333 prospectus
591 1235 643 1324 est
666 1237 742 1311 nori
765 1238 880 1312 modo
902 1236 940 1335 ip
956 1240 1102 1344 lacum,
1131 1241 1234 1334 cujus
1250 1239 1321 1314 lit·

251 1351 338 1411 tora
353 1336 509 1436 templis
544 1334 710 1428 villisque
738 1346 936 1423 ornantur,
972 1338 1243 1414 verumetiam
1274 1339 1320 1416 in

253 1433 532 1607 {insulamstquae
546 1431 688 1526 hortis,
716 1427 834 1530 agris,
856 1435 969 1530 prttis
991 1431 1028 1511 bt
1052 1430 1198 1518 demum
1212 1437 1320 1514 filvis

280 1552 433 1608 ecorae
467 1586 475 1604 .
601 1577 604 1584 ι

316 1702 378 1778 Ab
409 1700 565 1797 antiquis
594 1699 681 1776 inde
705 1692 934 1797 temporibus
973 1699 1148 1778 elarillimi
1176 1701 1322 1780 Sueciae

253 1799 615 1992 uuissllllll
632 1799 1322 1996 ,lllldizilinltl‘lltllgllllt

255 1994 418 2068 bilillima
438 1994 635 2090 patriaque
657 2017 721 2088 per
745 2016 848 2092 quam
870 2016 952 2070 cara
975 1994 1138 2073 nomina.
1188 1997 1320 2072 Hodie

254 2093 354 2167 illam
375 2107 480 2194 tenet
514 2091 625 2188 Regis
652 2091 843 2187 Regnique
860 2091 1046 2183 Senator,
1068 2091 1319 2170 Illustriffimus

256 2191 396 2288 Comes
425 2187 658 2280 CAROLUS
676 2219 680 2226 ⁴
696 2187 970 2266 GUSTAVUS
998 2188 1198 2286 Tussuu,
1231 2193 1320 2288 qui,

253 2309 386 2386 magua
411 2308 493 2362 cum
512 2287 627 2384 gloria
653 2283 798 2362 summis
822 2287 859 2363 in
876 2283 1062 2383 republica
1087 2289 1230 2366 furibus
1249 2292 1304 2368 bo

257 2387 432 2478 moribus,
468 2406 548 2471 eam
583 2385 762 2480 refugium
794 2385 984 2461 senetlutis
1009 2387 1154 2484 elegit,
1204 2387 1321 2467 fellus

257 2482 477 2575 continuis,
506 2482 623 2578 iisque
648 2481 855 2578 gravissimis
881 2506 948 2578 pro
988 2487 1175 2561 communi
1203 2487 1333 2563 salute*

256 2582 466 2670 laboribus,
515 2592 580 2672 ut,
623 2582 792 2676 exemplo
838 2579 1049 2677 Scipionum
1092 2583 1322 2681 aliorumque

257 2674 446 2755 illustrium
463 2676 739 2771 Rbmanorum,
776 2679 944 2754 ultimum
977 2681 1094 2754 atatis
1120 2681 1233 2775 quieti
1256 2686 1321 2764 de-

260 2779 346 2870 dat,
376 2790 484 2870 atque
503 2776 715 2850 liberiorem
739 2776 778 2850 ln
802 2779 911 2852 rurali
928 2779 1089 2853 innocua
1110 2775 1187 2858 vita
1210 2777 1322 2876 respl-

259 2891 318 2950 ret
345 2883 489 2965 auram,
517 2873 623 2968 seque
649 2873 803 2948 delectet
826 2875 1113 2973 cogitationibus
1139 2877 1183 2952 de
1205 2879 1317 2972 Deo,

260 2975 307 3048 de
326 2971 507 3068 stupendis
525 2984 662 3045 naturae
690 2972 896 3065 miraculis,
925 2972 969 3048 de
987 2995 1109 3050 rerum
1124 2975 1320 3053 mundana·

260 3093 341 3150 rum
353 3067 601 3152 inconstantia
619 3068 654 3142 δι
671 3068 924 3150 vicillltudlne.
1079 3117 1083 3128 ·

252 3285 256 3294 ,
331 3211 496 3288 Pluribus
519 3209 626 3286 facile
646 3209 782 3286 Plantis
797 3213 956 3306 jucunda
980 3213 1058 3289 haec
1084 3214 1245 3311 superbit
1268 3215 1324 3293 in·

257 3312 357 3401 sula,
384 3330 490 3402 quani
508 3309 576 3390 alia
592 3329 824 3404 quecumque
842 3310 882 3388 in
899 3325 981 3387 tota
1001 3309 1141 3393 Suesia.
1203 3315 1328 3391 Maxi-

261 3429 358 3486 mam
374 3406 486 3502 igitur
506 3405 637 3484 exinde
659 3408 805 3502 percepi
822 3411 1078 3505 voluptatem,
1103 3413 1245 3513 plantas
1263 3436 1328 3488 an·

262 3523 415 3600 notare,
457 3527 535 3598 quae
573 3504 633 3578 hic
657 3505 879 3601 gignuntur3
913 3507 1092 3602 praecipue
1127 3531 1208 3584 curn
1240 3509 1334 3586 Illu-

262 3601 441 3678 ltriffimus
466 3602 602 3680 Comes
635 3601 849 3677 &Senator
879 3605 1102 3698 permultas,
1129 3621 1175 3681 tx
1201 3601 1333 3688 diffisis

264 3701 389 3776 allatas
419 3701 560 3795 plantas
583 3699 797 3801 regionibus
826 3703 980 3796 plantari
1011 3704 1198 3779 curaverit
1223 3729 1336 3804 pere·

260 3798 406 3897 prinas,
443 3821 519 3894 que
532 3801 591 3894 jus
608 3797 773 3916 ciuitatis
792 3799 867 3893 jam
900 3797 1038 3896 adepte
1059 3801 1151 3881 sunt.

1270 4015 1339 4098 {n-
