2730 4838
236 207 319 286 aaa
520 164 708 274 annuat
738 187 1019 280 recusans.-

332 361 402 456 IV.
434 371 567 472 Apibus
593 382 730 460 amcam
756 372 853 452 &in
874 371 1011 476 deliciis
1039 369 1144 468 effe,
1178 373 1308 450 nemi·

233 475 323 560 sient
347 471 454 550 facile
480 471 703 549 crediturum
726 486 842 570 puto,
873 471 938 545 nin
964 492 1070 564 quem
1095 467 1185 544 illud
1209 471 1317 570 edo·-

235 571 316 650 cuit
344 568 567 648 observatio.
615 569 725 648 Unde
755 591 878 668 neque
902 568 1088 644 immerito
1117 563 1308 646 Germani

235 667 301 752 bro
319 665 496 744 idiomate
522 663 664 746 Ledum
686 677 827 744 vocant
856 667 1078 746 Bieneabeide.

330 861 469 940 Sollers
492 861 554 938 ilie
581 876 721 950 naturae
755 861 938 938 scrutator
966 855 1205 950 acutianus,
1244 859 1306 938 D.

233 961 274 1044 H
320 959 431 1036 statim
452 960 507 1038 M.
533 961 583 1036 D.
597 960 723 1055 clariff.
745 961 902 1054 loquor,
928 961 988 1035 sua
1007 961 1046 1036 in
1063 960 1162 1035 hunc
1180 957 1302 1037 finem

235 981 436 1164 obigervata
450 1079 594 1138 mecum
614 1059 885 1136 communicare
903 1077 980 1134 noa
995 1057 1211 1162 dedignatus
1227 1058 1313 1170 ests

235 1159 447 1254 Quotannis
470 1163 639 1249 docaria,
661 1157 776 1234 herba
790 1155 883 1232 Ledi
908 1155 1076 1248 inantia,
1105 1169 1192 1252 apes
1221 1171 1298 1230 aur-

235 1257 283 1333 de
311 1255 448 1332 intrare
485 1255 710 1333 observavit.
777 1251 968 1349 Tempore
1002 1274 1095 1328 vero
1136 1255 1300 1345 vernali,

234 1373 320 1468 oum
347 1375 433 1468 apes
459 1373 570 1450 parce
598 1353 702 1430 fumo
733 1351 826 1428 Ledi
857 1351 1002 1448 sparsit,
1039 1351 1135 1465 quati
1171 1351 1299 1427 denuo

233 1451 515 1626 mvtvascuntdg
542 1451 672 1626 htilares
694 1449 746 1528 ad
762 1469 912 1548 campos
936 1448 1055 1528 Flora
1086 1448 1300 1528 vaiitandos

232 1571 402 1630 exanune
426 1571 502 1626 evo
516 1571 593 1630 an.
957 1583 959 1594 =

329 1733 469 1824 Mirum
495 1769 639 1843 qaoque
663 1747 738 1839 est,
764 1767 850 1842 apes
882 1741 988 1824 dulce
1024 1738 1125 1816 inum
1155 1745 1221 1818 mel
1250 1763 1299 1822 ex

231 1843 340 1940 hujus
363 1846 457 1920 flore
482 1847 624 1922 abunde
651 1847 839 1942 colligere.
888 1845 924 1918 A
939 1841 1077 1938 polline
1100 1853 1197 1914 vero
1228 1841 1297 1916 flo-

231 1959 323 2022 rum·
337 1942 507 2040 globulos
525 1943 724 2038 deportant
747 1941 991 2029 albescentes,
1017 1959 1109 2032 quos
1130 1937 1173 2014 in
1190 1963 1298 2016 ceram
1356 2005 1357 2042 ;

231 2039 319 2116 illos
340 2053 563 2116 convertere
585 2063 632 2117 eo
659 2039 801 2116 facilius
825 2039 876 2118 est
896 2039 1083 2127 divinato,
1109 2057 1187 2130 quo
1219 2059 1294 2112 cer·
1356 2043 1357 2122 i

231 2138 351 2214 tiores
380 2135 533 2229 scimus,
558 2139 800 2214 Americanos
823 2157 845 2214 a
872 2136 994 2212 baccis
1021 2134 1179 2229 Myrice
1205 2137 1291 2210 ceri·

230 2233 341 2323 tero,
370 2233 475 2310 Ledo
497 2237 722 2332 cognatione
737 2253 902 2326 annexa,
928 2253 1047 2310 ceram
1070 2225 1283 2328 decoquere.

233 2329 348 2426 Quod
376 2332 462 2406 ideo
484 2333 652 2428 illorum,
684 2332 812 2427 quibus
837 2349 943 2426 aputu
972 2333 1114 2408 cultura
1141 2331 1288 2408 videtur

228 2430 413 2526 jucunda,
440 2453 545 2528 quam
571 2453 648 2509 non
670 2429 820 2530 potsunt
841 2451 920 2510 non
945 2431 985 2510 in
1007 2431 1113 2506 lucro
1135 2451 1293 2526 ponere,

232 2530 481 2608 attentionem
504 2545 680 2614 meretur.

235 2813 236 2816 g
330 2724 469 2804 Notati
492 2749 636 2822 quoque
655 2727 802 2824 dignum
821 2723 1000 2818 arbitror,
1026 2723 1139 2804 dores
1163 2729 1204 2804 in
1225 2752 1295 2804 om·

230 2827 304 2904 atto
325 2825 469 2919 corymbi
496 2826 531 2899 se
556 2826 654 2919 prius
683 2827 886 2922 explicare,
918 2843 1023 2918 quana
1047 2829 1108 2921 qui
1129 2825 1309 2904 medium

229 2920 400 3016 corymbi
435 2921 690 2997 constituunt
733 2921 874 2998 Nonne
900 2921 939 2997 in
969 2942 1075 3018 apum
1107 2923 1294 3022 gratiam?

228 3017 290 3098 En
317 3017 528 3113 sapientiam
559 3018 743 3112 divinam,
778 3021 891 3096 etiam
916 3019 955 3096 in
986 3023 1149 3100 minimis
1182 3021 1296 3098 admi·

228 3114 401 3207 rendam,
440 3117 571 3192 nostris
599 3117 752 3212 eloquiis
784 3118 830 3195 ad
859 3113 960 3196 suum
993 3119 1110 3212 lauda
1141 3121 1293 3198 culmea

227 3235 425 3312 numquam
447 3215 499 3292 sat
521 3215 786 3294 extollendam!
837 3271 841 3280 .

323 3411 374 3489 V.
406 3411 565 3490 Macares
579 3411 744 3510 septiens,
774 3433 823 3488 ne
847 3413 1061 3508 pavimenta
1088 3413 1289 3504 destruant,

226 3506 392 3603 impedit.
444 3509 542 3585 Nam
567 3533 650 3586 cum
668 3513 817 3587 herbam
836 3510 899 3585 sub
923 3513 1144 3606 pavimentis
1168 3517 1288 3588 colio·

227 3618 316 3684 caat
340 3604 574 3702 oeconomi,
614 3609 843 3705 putredinem
879 3609 955 3683 illis
983 3613 1190 3688 accelerare
1224 3635 1288 3688 ne-

109 3773 114 3778 .
229 3715 370 3802 queunt
391 3725 580 3799 marcores,
602 3729 755 3806 quorum
777 3707 1047 3784 incrementum
1070 3711 1200 3786 tollit:
1228 3708 1288 3804 qui

226 3821 337 3898 quum
360 3802 512 3880 aedificia
538 3805 577 3882 in
598 3809 691 3886 locis
723 3805 908 3902 uliginosis
936 3804 1019 3882 sunt
1045 3805 1198 3898 muna,
1225 3830 1285 3903 pa·

225 3899 378 3984 ricubus
399 3899 535 3999 amu.
550 3904 594 3985 ,dc
614 3904 837 4004 pauimentis
864 3903 1010 4000 subtus,
1041 3905 1282 4086 adnatigxepdg·
