2670 4824
134 207 518 308 nouolutum
539 213 1007 310 resrncrotoomr.
1040 247 1119 330 m

26 415 71 508 re
98 397 254 476 mufivo
279 397 488 496 tessellata,
525 423 660 482 omnes
676 415 826 500 eutem,
846 403 937 484 licet
953 407 1052 484 inter
1077 407 1118 484 se
1159 423 1162 431 ·

27 491 241 590 differant,
268 495 607 595 cerumtamen,
632 501 948 601 venustatemque
968 507 1116 602 elegen-¹

28 591 86 668 eiu
106 594 167 670 ite
191 611 360 690 certent,
386 612 429 672 ut
453 621 614 692 quaenrm
635 599 769 676 ceteris
787 601 966 698 pulcrior,
987 603 1114 680 dicere
1163 621 1165 624 ‘

27 695 99 767 rix
138 693 352 772 audeamus.
400 694 576 792 Etenim,
615 719 694 794 que
733 698 852 776 veluti
887 701 1114 802 negligentia

32 789 199 882 quadem
226 797 394 870 formate
419 794 615 891 ¹videntur,
657 793 696 870 in
735 798 824 889 rudi
855 813 979 876 temen
1002 799 1112 876 malit

31 887 256 982 sapientiam
281 893 468 970 Creatorir
488 893 660 974 summum
689 893 886 975 ostendunt
916 919 1024 994 quem
1053 899 1109 974 lu·

32 989 291 1072 culentiffime.

105 1194 270 1272 Colores
285 1215 453 1293 quoque,
476 1193 575 1272 inter
589 1197 625 1272 se
640 1196 771 1274 mirum
797 1198 837 1274 in
862 1195 1013 1275 modum
1037 1196 1105 1276 dlf-

37 1294 225 1386 ferentes,
262 1297 453 1372 maximam
477 1295 587 1372 nobir
614 1295 652 1372 in
675 1295 788 1371 'testie
814 1296 1102 1374 determinandis

45 1393 209 1468 adserunt
226 1393 487 1471 difficultatem.
538 1393 742 1472 Innumerae
786 1393 868 1490 sunt
894 1396 1005 1488 ribae,
1047 1413 1102 1470 er·

48 1505 203 1586 genteae,
227 1493 356 1588 pullae,
385 1490 582 1590 subnigro,
610 1493 793 1587 helvolae,
820 1514 961 1584 curce,
991 1492 1101 1587 pluri·

45 1609 106 1666 me
128 1589 366 1666 discoloribus
389 1592 588 1690 variegatae
613 1591 752 1688 frsciir,
788 1589 1002 1688 pruciffimae
1032 1613 1099 1668 ce·

39 1688 169 1781 ruite,
206 1686 243 1762 dt
259 1687 306 1764 fic
328 1691 512 1787 deinceps.

105 1899 244 1982 Artem
293 1926 360 2002 qur
384 1903 516 1982 domos
533 1895 610 1982 suas
636 1900 714 1982 iret
735 1898 946 1984 animarent·
963 1905 1098 1986 exstru-
1142 1917 1145 1924 '

44 2014 120 2098 ant,
148 2007 244 2080 novi
274 2029 294 2078 e
316 2025 392 2080 non
411 2004 563 2080 minoris
590 2005 642 2080 est
668 2006 792 2100 pretii.
830 2005 964 2100 Neque
995 2008 1096 2086 enim

37 2101 156 2196 illam,
194 2117 237 2179 ut
265 2105 362 2184 reite
393 2104 570 2180 admonet
602 2099 708 2180 illust.
743 2103 931 2194 Reiorum,
963 2107 1051 2199 pers
1067 2108 1096 2179 i·
1145 2109 1148 2118 '

37 2199 249 2278 mciffimum
270 2199 478 2373 Philosophi
505 2203 541 2294 in
569 2203 714 2294 enium,
738 2203 834 2277 clare
864 2199 899 2275 tr
929 2201 1034 2278 distin

34 2299 145 2394 satis,
173 2299 345 2398 detegere
373 2319 419 2374 vr
435 2313 485 2377 et.
581 2321 630 2374 on
660 2299 788 2375 desunt
814 2301 1001 2394 rudiores,
1032 2303 1093 2398 qul

32 2397 216 2473 inhaere
239 2397 467 2498 desudarint3
486 2395 815 2473 demonstrationes
835 2413 983 2491 tutem,
1004 2419 1091 2492 quar

32 2491 64 2570 in
84 2492 248 2572 medium
265 2497 519 2592 protulerunt,
558 2497 745 2590 plurime,
784 2508 916 2591 praeter
952 2494 989 2570 in
1015 2499 1091 2572 enii

33 2591 267 2671 exuberantis
303 2593 459 2686 indicia,
497 2592 588 2670 nihil
622 2593 701 2668 sere
738 2593 947 2670 continent.
1041 2615 1091 2672 oe

31 2689 182 2785 scimus,
221 2683 329 2768 testes
362 2709 493 2768 omnes
530 2713 576 2764 cx
606 2691 713 2781 ovis,
766 2685 913 2786 piscium
949 2691 1090 2788 sperma

30 2791 295 2884 referentibus,
326 2793 449 2866 &vel
474 2801 577 2865 extra
607 2789 758 2880 matris,
797 2789 860 2864 vei
890 2790 929 2864 in
960 2792 1087 2867 metris

30 2890 104 2966 linu
131 2889 338 2981 excubitis,
364 2910 440 2966 non
457 2901 578 2964 cutem
601 2909 646 2962 ex
670 2886 886 2983 putredine,
923 2889 979 2964 uti
1001 2888 1087 2967 Ari·

28 2983 176 3064 stoteles
194 2988 230 3062 dt
247 2989 351 3063 multi
370 2988 428 3062 alii
451 2988 629 3076 voluere,
656 2985 777 3076 nasci3
805 2985 904 3060 &ex
919 3001 1004 3062 tota
1023 2987 1086 3062 de·

30 3102 123 3160 mum
152 3085 359 3160 animalculi
398 3081 585 3180 superficie
622 3081 797 3178 pullulare
824 3099 991 3175 murum,
1023 3081 1085 3182 qui

31 3187 227 3260 exsiccatur
252 3206 377 3259 veram
399 3183 534 3258 format
557 3182 706 3256 calcem.
754 3180 958 3256 Lentorem
985 3182 1085 3258 hune

30 3301 153 3379 magna
176 3281 294 3356 adesse
311 3282 418 3376 copia
434 3293 545 3355 nemo
561 3279 723 3376 negabit,
746 3278 804 3373 qui
816 3279 966 3354 noverit
986 3279 1083 3356 Hell-

30 3405 85 3454 cem
115 3383 302 3458 Pometiam
335 3378 458 3474 sepius
480 3393 545 3472 per
569 3377 689 3469 dium,
734 3377 965 3468 membrana,
1012 3397 1083 3472 que

30 3476 160 3552 claudit
187 3490 392 3573 aperturam
409 3471 525 3568 suum,
553 3469 696 3566 abrasa,
725 3473 916 3550 confestim
935 3469 1079 3568 efficere

27 3593 171 3650 novam.
221 3574 521 3668 Undiqueetlam
542 3581 666 3646 totum
691 3573 822 3646 animal
840 3573 987 3646 lentore
1010 3575 1075 3648 illo

1 3671 2 3690 ¹
28 3671 73 3746 est
94 3667 286 3764 obfulirm,
316 3672 350 3746 dt
377 3670 448 3768 ipsa
473 3670 611 3745 viscera
636 3669 688 3743 sat
705 3689 869 3766 magnam
886 3670 991 3764 huJus
1013 3693 1076 3746 co·

27 3771 114 3862 piem
144 3771 332 3847 secernere
371 3767 551 3849 videmur.
622 3766 773 3842 Constat
814 3783 935 3844 autem
980 3769 1078 3846 inter
1190 3790 1195 3809 ¹

29 3889 172 3963 omnes,
225 3869 397 3943 humores
435 3880 585 3940 tenaces
620 3865 660 3938 in
702 3863 763 3939 fila
794 3865 895 3960 polio
920 3870 1074 3949 extrahi.

30 3963 187 4060 Credunt
216 3966 343 4062 igitur.
359 3966 467 4044 multi
482 3985 580 4048 ‚cum
610 3961 716 4054 illust
737 3963 924 4056 ,Rerumur
938 4015 958 4052 ,r
977 3967 1077 4058 quod

121 4117 131 4125 -
987 4085 1075 4157 ,er
