2716 4830
227 219 318 298 um
418 193 685 280 ,lnnnncn
716 189 1104 282 crnucmucn·

291 379 556 460 usstiureins
577 341 796 490 ¹glutinosum
814 377 1068 456 soetidillimum
1085 377 1312 475 amplibimis

339 481 452 560 foliis.
506 483 585 558 lna.
611 479 697 560 Len.
721 491 812 574 μό.
841 479 910 556 Ira.
940 482 1026 573 607.
1059 475 1286 579 Jan1128.

160 751 165 760 ¹
229 625 235 714 ·’
291 664 557 756 Thallttroides
572 667 840 747 ,soetidiliimum
857 665 1178 764 christophorianae
1195 669 1311 754 facie

233 842 236 853 ,
343 769 448 844 Gmel.
465 768 624 851 Amman.
646 769 751 846 Ruti.
777 791 862 852 102.
969 843 976 860 ,

233 919 238 1018 ’,
289 934 411 1014 Aitaea
436 939 590 1016 racemis
621 935 859 1034 paniculatis,
894 911 1069 1010 fruiiibus
1094 899 1311 1034 quadricep-

337 1033 524 1118 sularibus.
549 1035 653 1115 Linn.
681 1038 773 1136 Sper.
784 1038 835 1134 pl.
861 1050 955 1132 asp.
977 1054 1061 1128 με.
1089 1057 1124 1110 n.
1142 1055 1178 1128 3.

233 1251 237 1266 ·
318 1233 433 1308 Radix
457 1233 627 1326 perennis
658 1229 735 1327 est,
778 1243 884 1306 extus
917 1228 1036 1321 fusca,
1066 1228 1167 1304 intus
1193 1221 1309 1325 ¹albu,

86 1375 98 1388 -
235 1329 371 1418 crassa,
397 1331 556 1420 nodosa,
588 1329 735 1422 brevis,
771 1327 873 1404 fibris
906 1327 1069 1423 plurimis
1104 1326 1308 1404 craffiuscu·

240 1431 312 1520 lis,
344 1429 578 1510 transverfim
603 1427 641 1502 in
667 1441 764 1504 terra
786 1426 1023 1523 repentibus,
1049 1423 1160 1500 rusia.
1194 1430 1308 1502 Cauiis

241 1547 392 1623 orgyam
420 1547 680 1622 nonnunquam
705 1527 823 1617 altus,
859 1524 904 1600 ad
939 1536 1109 1598 exortum
1142 1525 1306 1620 rubens,

242 1624 526 1716 diluteviridis,
555 1623 788 1701 &levissime
822 1621 1000 1710 hirsutus,
1039 1621 1103 1696 vix
1133 1621 1308 1715 liniatus,

240 1743 309 1821 pro
345 1722 610 1824 magnitudine·
637 1724 770 1819 plantae
809 1719 905 1798 haud
944 1719 1140 1796 admodum
1184 1721 1303 1814 altus,

239 1837 366 1918 parum
392 1845 528 1914 cavus,
561 1843 650 1897 mox
675 1819 719 1894 ad
740 1835 911 1896 exortum
939 1818 1039 1894 suurn
1059 1817 1227 1894 bifariam
1255 1817 1305 1893 di.

239 1916 360 2009 visus,
393 1941 469 1996 uno
495 1941 598 1996 ramo
624 1937 739 2012 usque
766 1919 810 1994 ad
836 1914 1027 1992 triuncialc
1057 1913 1212 2008 spatium
1242 1939 1304 1992 nu·

240 2014 313 2104 do,
340 2031 419 2094 tum
449 2017 487 2092 in
514 2016 651 2106 nodum
675 2013 993 2094 intumescente&
1015 2013 1145 2089 abhinc
1171 2014 1305 2090 intres

100 2115 101 2120 ‘
238 2137 362 2189 muros
384 2115 543 2190 hirsutos
567 2113 768 2205 subdiviso,
795 2135 950 2212 quorum
977 2111 1105 2210 singuli
1128 2111 1305 2189 sustinent

238 2212 370 2288 folium
410 2213 514 2310 quale
544 2212 584 2288 iu
616 2211 727 2286 icone
761 2211 807 2286 ad
843 2211 937 2286 latus
960 2209 1093 2303 pistum
1130 2209 1205 2301 est,
1248 2211 1307 2287 sed

114 2399 117 2410 „
238 2311 360 2384 multo
387 2313 517 2402 altius,
548 2311 760 2405 pinnatum,
797 2309 836 2384 in
857 2307 1012 2386 recenti
1039 2309 1163 2404 planta
1196 2311 1306 2405 gluti·

239 2408 392 2505 nosram,
416 2409 536 2507 pinnis
563 2407 799 2486 circumcirca
818 2407 982 2495 serratis,
1008 2405 1053 2482 ad
1079 2405 1218 2480 costam
1233 2407 1304 2481 hir·
1349 2431 1350 2480 l

215 2506 350 2599 sutis,
399 2508 531 2604 pallide
564 2503 766 2596 viridibus,
809 2505 980 2593 venosrs3
1027 2506 1122 2578 alter
1160 2526 1304 2598 ramus,

239 2605 345 2682 brevi
369 2607 451 2704 post
466 2620 652 2695 exortum,
670 2603 824 2694 folium,
850 2599 1031 2698 descripto
1049 2602 1178 2694 simile,
1199 2607 1305 2676 emit·

239 2703 318 2790 tlt,
359 2707 477 2779 altero
500 2705 648 2779 subinde
673 2705 828 2778 alterum
854 2701 1055 2796 sequente,
1090 2699 1143 2774 ita
1180 2713 1305 2778 tamen

237 2812 283 2876 ut
300 2801 480 2896 superiora
497 2802 634 2895 semper
662 2799 924 2890 minuisset,
951 2799 987 2874 u
1014 2799 1179 2894 suprema
1211 2800 1305 2874 inte·

169 2939 171 2942 -
238 2919 316 2994 gra.
368 2899 582 2977 Extremum
610 2897 723 2973 caulis
748 2899 925 2993 plurimos
948 2897 1087 2974 emittit
1116 2901 1303 2990 ramulos,

148 2987 158 3010 ⁶
234 2997 322 3074 ‘satis
350 2994 509 3094 longos,
535 2995 579 3070 ad
610 3017 701 3092 quos
732 2997 940 3075 alternatim
975 2994 1212 3092 egrediuntur
1239 2998 1306 3072 flo-

237 3117 299 3170 res
335 3095 502 3192 globosi,
544 3093 755 3168 brevissimis
790 3092 964 3188 pediculis
993 3093 1130 3185 innixi,
1164 3097 1308 3170 corolla

241 3193 426 3283 destituti,
454 3193 515 3267 sed
529 3209 705 3286 quatuor,
729 3191 885 3287 quinque
910 3191 1024 3266 &sex
1039 3191 1173 3284 calycis
1188 3193 1306 3283 foliis,

237 3291 495 3377 subrutundis‚
526 3291 727 3380 concavis,
766 3289 1019 3366 obtusiusculis
1047 3288 1233 3382 instructi,
1268 3289 1307 3364 fi·

238 3389 409 3464 lamentis
442 3389 631 3482 plurimis,
666 3388 800 3480 absque
830 3387 975 3484 pistillo.
1038 3383 1155 3480 Ipsum
1190 3389 1304 3462 caulis

237 3486 416 3584 fastigium
445 3488 482 3564 in
510 3485 689 3582 ejusmodi
727 3484 857 3580 spicam
882 3486 1121 3576 terminatur,
1160 3487 1306 3560 corolla
1349 3531 1350 3578 l

207 3585 359 3674 nulla,
394 3588 518 3681 calyce
556 3585 736 3677 descripto
768 3582 892 3673 simili,
938 3583 999 3660 sed
1026 3582 1191 3675 caduce,
1232 3583 1308 3662 fila·

238 3681 372 3759 mentis
396 3682 548 3776 iisdem,
577 3681 740 3758 antheria
767 3679 919 3758 omnino
958 3679 1167 3772 fertilibus,
1198 3681 1307 3774 pistil·

237 3779 285 3854 lis
314 3780 474 3871 pluribus
536 3801 689 3856 numero
738 3778 986 3871 variantibus,
1026 3801 1109 3856 cum
1144 3781 1307 3862 totidem
1349 3823 1350 3864 l

238 3876 339 3982 stylis
359 3877 553 3975 subulatis,
568 3875 867 3980 stigmatibusque
893 3876 1101 3974 convexis,
1127 3875 1305 4054 stylolmm
1349 3871 1350 3906 ³

234 4033 242 4048 .
1240 3995 1304 4052 ou-
