2716 4830
231 277 310 394 ut
625 267 896 375 nanum

117 527 119 533 ι
178 491 192 504 “
234 485 393 565 noceat,
424 473 545 551 ellum
583 443 1034 570 incorporessangeat,
1061 471 1213 554 Marum
1240 497 1311 552 au·

232 589 310 669 tem
335 595 417 649 non·
437 573 503 650 ita.
610 597 692 662 mu,
713 597 799 650 eum
828 573 1012 652 Hannibal
1035 587 1310 672 aerteportas,
1348 572 1357 649 l

232 673 271 754 dc
293 669 446 745 Medico
464 693 558 768 opus
578 671 630 748 est
646 672 821 764 induciis,
851 695 916 770 per
939 669 1039 744 usum
1052 669 1157 765 hujus
1175 671 1311 750 divini

230 762 491 846 medicamenti
523 769 667 866 spiritus
698 773 821 846 exules
849 791 1027 844 revocare
1056 769 1202 864 potest,
1229 793 1310 866 po-

229 865 375 961 steaque
405 867 516 943 castra
548 889 708 945 movens
736 881 868 944 contra
896 865 1037 946 hostem
1066 868 1305 965 invasurum,

230 971 328 1040 arma
350 965 486 1044 idonea
509 979 553 1041 et
572 965 714 1063 optima
742 967 924 1044 adhihere.
956 1034 959 1040 .
1075 982 1078 990 ·

331 1128 511 1224 Refirluenr
533 1125 741 1222 primarium
764 1121 815 1199 est
832 1123 959 1198 itidem
978 1119 1138 1204 Marum.
1189 1125 1298 1208 Nam·

226 1239 271 1306 ut
290 1226 552 1302 resolutionem
583 1223 662 1300 lieri
692 1223 951 1307 existimamus,
980 1236 1062 1298 cum
1090 1246 1157 1319 per
1184 1225 1298 1300 oscil-

226 1325 408 1402 lationem
429 1344 628 1402 uervorum
650 1322 807 1412 auctam,
836 1322 875 1396 in
897 1319 999 1398 libris
1027 1321 1296 1401 muscularibus

227 1425 395 1512 oriantur
419 1421 525 1496 nixus
554 1421 589 1496 δι
619 1421 788 1510 renixus,
818 1417 915 1493 unde
942 1419 1221 1514 conquassetur,
1257 1425 1295 1498 dt

225 1521 322 1620 quan
341 1521 460 1594 tenuit
477 1517 648 1595 reddatur
668 1519 842 1594 stafilailla
858 1519 1069 1607 humorum,
1085 1519 1291 1596 inflamma-

224 1617 323 1714 tioni
348 1634 473 1693 ortum
493 1619 649 1694 debens:
676 1615 949 1694 itaremedium
976 1616 1062 1690 huic
1090 1616 1293 1696 inservitu-

203 1737 305 1794 ‘rum
321 1718 454 1812 scopo,
480 1717 591 1792 Maro
614 1717 755 1812 aptitus,
780 1717 919 1792 nullum
942 1714 1041 1807 dari,
1055 1737 1291 1810 quemquam

220 1815 378 1891 inficiari
402 1835 479 1890 non
502 1817 722 1910 putaverim.

229 2037 235 2045 ,
322 1957 476 2051 sapidam
501 1953 696 2043 secundum
722 1955 934 2051 qualitatem
956 1953 1109 2030 minoris
1135 1957 1286 2052 quidem

221 2051 467 2136 estimandum
492 2053 544 2130 est
567 2055 736 2144 Mutuum
760 2054 798 2130 in
820 2054 927 2128 libras
952 2067 1099 2143 tamen,
1130 2073 1173 2128 vt
1193 2083 1284 2133 ama·

221 2145 317 2240 rum,
357 2153 433 2250 agit
454 2151 555 2228 t'onlci
583 2152 711 2244 instar,
752 2153 849 2226 &in
876 2152 986 2228 fluida
1014 2155 1178 2249 agendo,
1214 2162 1286 2234 bal·

104 2321 107 2326 ,
210 2249 373 2348 firmicum
403 2248 493 2335 esta,
513 2249 641 2346 iuligni
669 2250 729 2324 sua
754 2251 922 2325 acredine
957 2251 1067 2324 etiam
1097 2259 1216 2330 incidit
1251 2257 1286 2330 dt

210 2341 374 2444 stimulat.
429 2343 478 2422 Er
505 2347 731 2444 oputredini
751 2347 901 2442 resistit,
930 2349 1038 2422 bilem
1060 2366 1180 2446 auget,
1208 2353 1283 2428 sto·

97 2527 106 2534 ,
218 2445 422 2524 machicum
446 2369 531 2538 eff,
566 2446 694 2520 orexin
727 2446 859 2542 juvat,
900 2446 1123 2523 seeretidnes
1158 2465 1281 2547 urget,

218 2545 396 2622 viseidum
413 2556 604 2640 attenuat,
628 2546 812 2621 lentorem
836 2545 958 2638 tollit,
982 2543 1021 2622 e
1044 2566 1121 2639 quae
1142 2552 1284 2646 reliqua

139 2703 143 2713 .
218 2643 313 2721 mut.
646 2649 653 2660 '

228 2781 234 2792 ’
313 2767 527 2862 Quanquam
547 2765 660 2862 igitur
677 2767 733 2845 Cl.
754 2768 964 2862 wadallus,
991 2781 1177 2867 tamquam
1200 2795 1280 2848 aaa·

221 2867 391 2960 leptimm,
423 2867 582 2953 cordiae,
611 2867 934 2959 vacuefactum,
967 2871 1196 2960 balsamicwn,
1225 2880 1279 2947 in·

218 2961 355 3048 ridens,
385 2961 567 3049 er‘rlinum,
599 2975 888 3059 eumenugogum·
907 2965 1182 3058 ruminantium,
1207 2979 1285 3046 ute}
1354 2967 1355 3013 l

214 3064 354 3148 rmum,
396 3062 615 3147 dimetimur,
663 3063 939 3156 diaphorericum,
976 3069 1272 3162 antastlrmutim

103 3225 108 3255 ,=
143 3200 150 3208 ·
206 3160 388 3256 pastorale,
414 3155 528 3230 immo
552 3160 808 3253 paternellum,
843 3163 988 3255 Marum
1020 3164 1182 3239 nostrum
1214 3189 1273 3240 ex·
1353 3167 1354 3217 l

213 3255 334 3331 tollit:
369 3251 466 3349 Justo
494 3269 620 3331 tamen
652 3258 849 3350 majoribus
874 3262 1052 3334 encomiis
1076 3283 1167 3336 eum
1199 3266 1271 3338 lau·

212 3351 307 3426 dalle
326 3355 423 3430 hanc
448 3353 633 3446 plantam,
664 3368 706 3428 ut
732 3357 838 3430 nimis
867 3357 1081 3433 festinanter
1099 3375 1269 3438 ‘autumat
1352 3395 1353 3421 κ

209 3447 260 3526 D.
278 3449 481 3546 Geoffroy‚
512 3473 589 3526 non
611 3453 811 3528 crederem.
1276 3469 1279 3478 “

218 3639 247 3661 ,.
307 3584 418 3668 Certe
461 3593 742 3684 liaceuratius,
778 3595 822 3670 ad
856 3620 1014 3696 unguem
1046 3610 1088 3672 ut
1125 3599 1276 3692 meunt.
1351 3621 1352 3625 ‘

209 3690 401 3783 qualitates
432 3689 539 3790 huius
562 3693 697 3788 planta
718 3693 1014 3794 pervestigaffent
1040 3693 1205 3788 Medici,
1231 3699 1263 3772 di

208 3787 293 3877 inde
315 3783 474 3872 adulter
493 3787 712 3867 concludere
742 3793 955 3868 voluillent:
985 3791 1116 3866 dudum
1140 3795 1178 3870 in
1195 3795 1260 3870 fre·
1350 3791 1351 3829 ³

208 3884 392 3985 quentiori
418 3885 481 3963 usu
503 3889 650 3969 Marum
670 3890 832 3970 nostrum
850 3905 1042 3992 receptum
1063 3893 1167 3970 effer.

1141 4081 1256 4186 en.
