2730 4838
207 249 306 358 'aar
501 248 1044 341 mommercronmr·

230 435 309 516 line
325 435 424 515 naso.
473 435 671 514 Historiam
681 434 895 518 inscitorum
909 437 1158 534 inspicientes,
1180 436 1306 515 animi

230 537 477 650 advertimus,
508 553 687 651 antennas
722 539 850 626 hasce,
880 559 917 614 v.
944 561 979 636 g.
1042 533 1304 631 Coleoptero·

230 635 1305 830 ilatlllllslltslll‘linistilialllll

228 851 335 1006 ἕως
361 831 492 928 quippe
518 855 596 928 que
618 834 693 908 sola
721 838 923 910 naturalem
954 830 1146 908 constituit
1171 833 1305 908 chara-

266 949 380 1006 erem.

229 1023 234 1116 s
331 1023 373 1101 Id
393 1025 482 1102 roihi
500 1027 660 1126 contigit
684 1023 896 1121 felicitatis,
918 1040 962 1102 ut
981 1025 1055 1100 duo
1079 1025 1212 1101 insede
1227 1048 1296 1101 nu·

230 1125 392 1232 petrinae
419 1126 575 1200 viderim
593 1150 613 1200 a
632 1121 876 1202 remotissimis
899 1125 1008 1200 terris
1032 1127 1103 1200 huc
1128 1123 1296 1214 addulSla,

228 1246 388 1320 ¹quorum
407 1238 575 1300 antennae
594 1227 638 1300 ab
664 1225 741 1298 aliis
760 1223 852 1300 adeo
875 1224 954 1298 sunt
978 1222 1124 1313 alieoae,
1149 1237 1193 1296 ut
1211 1243 1301 1298 cum

200 1357 203 1366 ’
229 1323 304 1398 illis
321 1345 367 1398 ne
384 1323 459 1396 ullo
481 1324 624 1416 quidem
649 1323 763 1398 modo
784 1319 1141 1417 compararipoffint.
1182 1317 1302 1396 Unde

233 1419 446 1496 certilsamus
470 1421 627 1518 collegi,
649 1423 710 1494 illa
730 1421 839 1496 etiam
869 1423 943 1494 duo
965 1440 1070 1510 nova¹
1082 1417 1301 1514 diversaque

230 1517 316 1596 fore
335 1541 489 1618 genera,
522 1543 599 1614 quae
615 1515 775 1594 Coriolis
800 1535 938 1594 natutae
962 1516 1131 1592 haetenus
1149 1517 1304 1592 detexit

234 1640 359 1707 nemo.
395 1617 543 1692 Scilicet
561 1615 790 1713 inclytiffimo
800 1615 920 1692 Lond.
932 1615 1042 1712 Angl.
1054 1613 1228 1707 Medico,
1249 1615 1302 1688 D.

185 1767 188 1774 -
228 1707 284 1792 D.
311 1713 666 1814 FOTHERGILL,
700 1716 758 1810 qui
786 1729 922 1792 naturae
948 1711 1301 1826 pervestigationem

228 1813 274 1918 ,in
295 1815 439 1888 summis
465 1815 578 1888 habet
607 1814 772 1904 deliciis,
807 1814 1055 1888 &maximam
1078 1809 1300 1890 insectorum

235 1910 381 2082 till
398 1909 1300 2106 'iiiiiipssoiinim{diafip‘ssi‘fiissiiess

234 2099 546 2180 excellentissimas
562 2061 643 2180 suas
666 2061 925 2196 colleitiones,
951 2106 1047 2180 haud
1069 2105 1121 2179 ita
1139 2103 1295 2200 pridem,

233 2203 385 2280 mittere
416 2201 564 2298 placuit.
615 2201 719 2277 Inter
739 2205 806 2278 alia
826 2205 964 2278 rariora
984 2205 1062 2280 hec
1085 2203 1164 2278 duo
1186 2204 1291 2298 inpri·
1362 2265 1363 2288 ,

233 2299 304 2378 mia
325 2299 414 2376 mihi
438 2298 514 2374 visa
538 2301 619 2376 sunt
636 2301 728 2374 adeo
752 2301 960 2400 singularia,
982 2315 1025 2376 ut
1047 2323 1107 2376 me
1131 2299 1289 2378 Curinus
1362 2293 1363 2383 l

233 2411 375 2476 naturae
402 2397 727 2476 &Scrutatoribus
752 2401 943 2476 maximam
961 2399 1151 2476 crederem
1171 2399 1297 2474 conci-

234 2499 407 2574 liaturum
432 2498 737 2592 delectationem,
762 2498 786 2571 sr
808 2519 908 2572 nova
927 2499 1049 2574 haecce
1066 2519 1203 2596 genera
1218 2520 1300 2597 per·

235 2595 356 2692 spicue
390 2597 648 2686 describerem,
677 2619 725 2672 ne
759 2595 943 2671 oblivioni
981 2597 1144 2692 dentur,
1185 2612 1301 2696 atqle

235 2694 331 2798 adeo
353 2695 414 2770 diu
433 2693 587 2770 sortaffis
611 2694 762 2792 posthac
784 2697 945 2790 lateant,

618 2887 914 2970 oronsrs.

435 3019 547 3114 Capite
570 3021 714 3108 bicorni,
740 3026 842 3098 oculis
864 3023 1100 3104 terminalibus.

379 3134 573 3218 DIOPSIS
598 3153 832 3227 ichneumone.

191 3268 196 3284 ·
233 3237 431 3332 CORPUS
470 3259 719 3354 magnitudine
744 3261 937 3354 ¹‘Formicae
975 3269 1121 3362 rubro,
1159 3269 1306 3350 statura

236 3413 242 3440 ,
354 3351 624 3434 ichneumonis.
694 3397 698 3402 ·
1360 3415 1361 3420 =

192 3473 195 3482 ’
231 3448 410 3562 CAPUT
436 3451 642 3550 rufescens,
667 3457 778 3534 dente
811 3461 982 3557 utrinque
1008 3463 1054 3538 ad
1076 3485 1141 3543 oa:
1167 3479 1303 3544 exten·

356 3551 453 3624 ditur
481 3552 552 3625 hoc
570 3554 606 3628 in
627 3555 700 3629 duo
720 3581 860 3648 cornua,
886 3562 1072 3656 patentia,
1097 3565 1305 3664 longitudi-

237 3691 243 3722 l
355 3667 402 3718 ne
420 3649 601 3740 thoracis,
630 3653 763 3746 solida,
793 3679 910 3752 neque
927 3661 1138 3754 articulata,
1162 3665 1219 3736 uti
1237 3687 1302 3739 ao·

234 3799 242 3812 .
357 3757 498 3846 tenne,
527 3750 754 3860 serruginea‚
785 3757 979 3832 terminata
1007 3765 1097 3834 oculo
1123 3761 1299 3858 globoso,

235 3899 239 3906 .
357 3841 477 3928 tlexo,
509 3867 624 3942 nigro.
675 3851 830 3943 Adieilo
857 3857 961 3950 juxta
997 3859 1146 3934 oculum
1174 3866 1296 3958 pundo

236 3979 286 4018 ι’
357 3939 551 4042 ulmseta,
579 3963 746 4029 autenoae
770 3952 997 4032 rudimento.
1196 4031 1199 4041 ,
1359 4011 1360 4032 l
