2716 4830
1253 91 1262 238 ·.
1348 30 1354 251 l

221 275 298 370 un
440 261 445 270 ·
526 187 545 248 ⁸
613 227 923 345 uanum(
1036 243 1040 250 ’

504 454 550 546 §··
571 443 620 532 11.
676 437 900 530 ΝΟΜΕΝ
930 447 999 526 ue.

223 591 226 600 ’
319 599 579 697 Antiquiffimis
599 614 702 676 retro
728 598 956 694 temporibus
977 594 1123 697 prorsus
1152 601 1294 702 ignota
1346 610 1354 733 Ι

224 703 296 782 fult
324 705 400 778 haec
426 701 573 796 planta,
604 699 638 776 dc
663 698 816 776 minoris
847 695 1039 790 estimata3
1064 701 1285 778 recentiori·
1354 739 1355 761 r

189 839 191 844 ·
224 805 442 880 busautern
470 796 597 875 seculis
624 792 739 874 mul'ta
769 797 875 872 multi
892 795 935 870 de
962 795 1022 872 illa
1046 795 1284 894 scripseruntr

224 915 269 975 ut
300 899 510 988 Deduneus,
540 899 684 984 Clarus,
716 895 880 972 chrlius
907 895 976 972 dcc.
1013 893 1059 970 de
1084 913 1295 978 uerutum

226 995 305 1094 e'jur
331 997 420 1071 licet
444 1015 637 1090 numquam
662 991 908 1074 consentiant.

227 1152 233 1178 ⁸
324 1126 482 1230 Quidam
509 1113 704 1202 secundum
734 1121 950 1214 Maronem,
983 1123 1122 1224 Regem
1159 1126 1280 1204 nescio

185 1315 187 1326 A
227 1251 357 1328 quern,
395 1229 455 1300 vel
482 1225 699 1303 Latinorum
730 1227 924 1320 poetarum
958 1224 1182 1319 principem
1221 1239 1283 1301 ant

226 1327 359 1422 Bacchi
391 1326 546 1421 aliquem
579 1320 744 1418 socium
774 1343 854 1398 eam
889 1320 1161 1398 denominatam
1195 1323 1281 1418 effe,

228 1429 367 1519 dicunt.

180 1647 183 1660 ,
285 1561 287 1574 ’
323 1571 399 1650 Alii
415 1567 614 1646 iteruin'en
627 1567 789 1644 Arabum
811 1571 1015 1654 marmelurc
1040 1561 1285 1644 Hebreorum

228 1683 331 1762 mur3'
352 1671 576 1746 Graecorum
611 1689 748 1758 maran,
787 1667 836 1741 ob
869 1669 1048 1742 auaritiam
1076 1664 1176 1740 Mari
1202 1665 1284 1741 inii·

230 1793 363 1874 guen,
388 1789 531 1859 nomen·
570 1765 735 1842 derivare
760 1778 952 1842 conantur.

325 1909 386 1991 Ab
416 1905 604 2006 Hesychio
637 1911 806 2001 Marumc
845 1903 1035 1990 Salmafio³
1055 1907 1286 2006 Amastrum,-

229 2007 428 2088 Dodonaeo
470 2009 608 2083 Murum
645 2013 783 2106 uuiqare
797 2034 813 2099 ,·
852 2008 1070 2102 Dioscoride
1109 1997 1285 2104 ὖσὸβμονς

229 2103 515 2188 Recentioribus
538 2107 677 2182 Murum
687 2109 857 2204 syriacum
883 2107 945 2184 vel
964 2131 1099 2196 uerum
1130 2107 1165 2184 dt
1189 2107 1285 2208 aJo·

230 2205 351 2296 henne
368 2201 531 2280 Bauhino
556 2203 695 2282 Marum
712 2203 877 2308 cartusie
903 2205 1069 2301 pellatur.
1110 2203 1285 2286 Cortusur

232 2303 376 2410 autem,
436 2300 592 2377 nondam
626 2299 712 2381 But.
751 2299 851 2384 Prof.
878 2230 1100 2398 gerevinus,
1147 2305 1283 2402 primus

230 2403 391 2503 plantam
412 2325 450 2500 ᾗ.
472 2399 636 2476 Bauhino
663 2401 887 2496 ostentavit,
918 2401 1014 2478 unde
1044 2399 1192 2484 cortun
1219 2428 1284 2481 no·

231 2523 318 2596 rnen
340 2500 426 2588 fert.
477 2496 587 2595 Apud
613 2497 931 2576 Pharmaceuticos
957 2497 1020 2575 sub
1050 2501 1172 2586 titulo,
1189 2503 1286 2582 Mari

232 2607 307 2680 ueri
334 2597 509 2674 occurrit.
1106 2641 1108 2648 ,

240 2715 263 2806 ’,
329 2727 422 2802 Cum
440 2732 513 2821 jam
542 2725 619 2820 ipse'
637 2723 678 2800 C.
704 2723 908 2824 Bauhi'nus‚
941 2729 992 2807 sui
1017 2733 1088 2810 aevi
1114 2731 1287 2836 Princeps

187 2911 190 2916 ,
232 2824 444 2913 Botanicus‚
461 2823 611 2898 obscure
623 2823 816 2904 admodum
828 2827 872 2911 d'e
881 2826 990 2910 Maro
1001 2827 1192 2928 scripserit,
1211 2855 1286 2914 non

233 2923 348 3003 miror
369 2922 406 2994 in
429 2920 614 2999 tradendis
637 2921 863 3002 suudnrms
884 2925 1046 3004 audiores
1071 2929 1204 3010 deinde
1224 2931 1286 3010 dis·

233 3019 433 3108 sentientes
470 3015 584 3095 fuill‘e.
651 3019 775 3114 Aliqui
812 3025 908 3102 eninr
946 3025 1176 3124 statuerunt,
1217 3029 1286 3109 elie

234 3117 525 3216 Traguriganum
553 3115 771 3209 latifolium',
805 3123 913 3200 Beni.
931 3132 1003 3224 pia.
1032 3142 1066 3222 p.
1081 3146 1196 3224 223.;
1219 3131 1286 3206 ite·

234 3215 426 3306 numelli,
468 3235 551 3288 cum
582 3215 813 3311 Boerhavio,
852 3221 1080 3317 Majoranam
1113 3225 1285 3321 syriacam

93 3331 97 3340 ’
234 3307 297 3390 uel
324 3314 516 3407 creticam,
556 3315 663 3390 nauh.
689 3321 760 3410 pin·
785 3333 819 3414 p.
840 3340 922 3409 224.
953 3321 1048 3396 idem
1072 3343 1156 3417 cum
1183 3327 1286 3414 Marc

236 3403 307 3487 ‘elie
328 3410 500 3488 credunt.
552 3411 624 3488 Sed
646 3414 708 3486 has
731 3414 927 3492 mittamus
941 3419 1058 3514 rixas,
1079 3421 1127 3495 'dc
1148 3445 1226 3518 quaa
1248 3424 1285 3502 in

235 3509 380 3587 illarum
404 3509 598 3604 quadrant,
630 3509 995 3632 optimasynonym'a
1020 3518 1218 3600 tradamus.

381 3677 526 3752 Marum
553 3673 710 3756 Cortufi.
762 3682 868 3761 Bauli.
892 3687 1012 3782 lisia:
1033 3704 1070 3786 p.
1084 3711 1170 3784 242.

189 3837 190 3844 Ν
245 3823 249 3860 2
384 3807 613 3906 Chamaedrys
635 3813 762 3890 incana
786 3817 966 3894 maritima
984 3819 1208 3922 stutescens,
1230 3823 1284 3903 foe

432 3907 488 3984 llis
514 3909 741 4045 lanceqlatis.
801 3915 953 4010 Teurmf.
975 3922 1051 4016 inst.
1078 3939 1114 4022 p.
1130 3943 1214 4014 aas.

985 4067 1005 4084 ··
1086 4071 1092 4088 ·
1131 4043 1282 4124 naun

417 4293 461 4440 s
497 4475 501 4484 ,
