<?xml version="1.0" encoding="UTF-8"?>
<!DOCTYPE html PUBLIC "-//W3C//DTD XHTML 1.0 Transitional//EN"
    "http://www.w3.org/TR/xhtml1/DTD/xhtml1-transitional.dtd">
<html xmlns="http://www.w3.org/1999/xhtml" xml:lang="en" lang="en">
 <head>
  <title>
</title>
<meta http-equiv="Content-Type" content="text/html;charset=utf-8" />
  <meta name='ocr-system' content='tesseract 3.04.00' />
  <meta name='ocr-capabilities' content='ocr_page ocr_carea ocr_par ocr_line ocrx_word'/>
</head>
<body>
  <div class='ocr_page' id='page_1' title='image "./carolialinnequi08schrgoog_0170.png"; bbox 0 0 2670 4824; ppageno 0'>
   <div class='ocr_carea' id='block_1_1' title="bbox 197 203 1293 354">
    <p class='ocr_par' dir='ltr' id='par_1_1' title="bbox 197 203 1293 354">
     <span class='ocr_line' id='line_1_1' title="bbox 197 203 1293 354; baseline -0.012 -27"><span class='ocrx_word' id='word_1_1' title='bbox 197 203 508 326; x_wconf 66' lang='lat' dir='ltr'>&#39;arsamum</span> <span class='ocrx_word' id='word_1_2' title='bbox 559 243 876 328; x_wconf 76' lang='lat' dir='ltr'>mammea,</span> <span class='ocrx_word' id='word_1_3' title='bbox 996 243 1082 354; x_wconf 53' lang='grc' dir='ltr'>η,</span> <span class='ocrx_word' id='word_1_4' title='bbox 1233 293 1236 304; x_wconf 95' lang='grc'>.</span> <span class='ocrx_word' id='word_1_5' title='bbox 1286 241 1293 252; x_wconf 91' lang='grc'><em>·</em></span> 
     </span>
    </p>
   </div>
   <div class='ocr_carea' id='block_1_2' title="bbox 21 435 1215 1619">
    <p class='ocr_par' dir='ltr' id='par_1_2' title="bbox 21 435 1083 754">
     <span class='ocr_line' id='line_1_2' title="bbox 49 435 1080 538; baseline 0 -20"><span class='ocrx_word' id='word_1_6' title='bbox 49 511 52 518; x_wconf 92' lang='grc'>,</span> <span class='ocrx_word' id='word_1_7' title='bbox 108 441 255 538; x_wconf 85' lang='lat' dir='ltr'>Quanto</span> <span class='ocrx_word' id='word_1_8' title='bbox 271 437 368 514; x_wconf 83' lang='lat' dir='ltr'>vitio</span> <span class='ocrx_word' id='word_1_9' title='bbox 398 439 520 534; x_wconf 87' lang='lat' dir='ltr'>pulvis</span> <span class='ocrx_word' id='word_1_10' title='bbox 552 435 731 532; x_wconf 81' lang='lat' dir='ltr'>lapidofits</span> <span class='ocrx_word' id='word_1_11' title='bbox 764 437 888 534; x_wconf 81' lang='lat' dir='ltr'>petius</span> <span class='ocrx_word' id='word_1_12' title='bbox 923 455 1080 536; x_wconf 75' lang='lat' dir='ltr'>oneret,</span> 
     </span>
     <span class='ocr_line' id='line_1_3' title="bbox 21 535 1083 636; baseline 0.003 -23"><span class='ocrx_word' id='word_1_13' title='bbox 21 539 122 633; x_wconf 75' lang='lat' dir='ltr'>tapud</span> <span class='ocrx_word' id='word_1_14' title='bbox 149 535 296 636; x_wconf 67' lang='lat' dir='ltr'>Orsenq&#39;et</span> <span class='ocrx_word' id='word_1_15' title='bbox 322 537 535 612; x_wconf 77' lang='lat' dir='ltr'>Daleltatliae</span> <span class='ocrx_word' id='word_1_16' title='bbox 562 535 690 612; x_wconf 88' lang='lat' dir='ltr'>videre</span> <span class='ocrx_word' id='word_1_17' title='bbox 717 537 826 630; x_wconf 83' lang='lat' dir='ltr'>licet,</span> <span class='ocrx_word' id='word_1_18' title='bbox 866 539 927 633; x_wconf 93' lang='lat' dir='ltr'>qui</span> <span class='ocrx_word' id='word_1_19' title='bbox 955 563 1001 615; x_wconf 89' lang='lat' dir='ltr'>ex</span> <span class='ocrx_word' id='word_1_20' title='bbox 1028 553 1083 616; x_wconf 87' lang='lat' dir='ltr'>te·</span> 
     </span>
     <span class='ocr_line' id='line_1_4' title="bbox 21 632 1075 754; baseline 0.002 -44"><span class='ocrx_word' id='word_1_21' title='bbox 21 637 167 742; x_wconf 77' lang='lat' dir='ltr'>neriori</span> <span class='ocrx_word' id='word_1_22' title='bbox 181 636 299 731; x_wconf 86' lang='lat' dir='ltr'>lapide</span> <span class='ocrx_word' id='word_1_23' title='bbox 320 657 497 710; x_wconf 88' lang='lat' dir='ltr'>arenaceo</span> <span class='ocrx_word' id='word_1_24' title='bbox 519 632 634 710; x_wconf 87' lang='lat' dir='ltr'>Cotes</span> <span class='ocrx_word' id='word_1_25' title='bbox 658 635 733 710; x_wconf 83' lang='lat' dir='ltr'>suas</span> <span class='ocrx_word' id='word_1_26' title='bbox 746 637 915 712; x_wconf 81' lang='lat' dir='ltr'>rotatiles</span> <span class='ocrx_word' id='word_1_27' title='bbox 937 634 1075 754; x_wconf 69' lang='lat' dir='ltr'>secant,</span> 
     </span>
    </p>

    <p class='ocr_par' dir='ltr' id='par_1_3' title="bbox 42 731 1087 1124">
     <span class='ocr_line' id='line_1_5' title="bbox 44 731 1084 828; baseline 0.006 -22"><span class='ocrx_word' id='word_1_28' title='bbox 44 733 167 817; x_wconf 80' lang='lat' dir='ltr'>&amp;ante</span> <span class='ocrx_word' id='word_1_29' title='bbox 195 755 329 810; x_wconf 88' lang='lat' dir='ltr'>annunt</span> <span class='ocrx_word' id='word_1_30' title='bbox 351 731 571 810; x_wconf 86' lang='lat' dir='ltr'>tticefimum</span> <span class='ocrx_word' id='word_1_31' title='bbox 592 733 723 826; x_wconf 77' lang='lat' dir='ltr'>phania</span> <span class='ocrx_word' id='word_1_32' title='bbox 740 737 950 828; x_wconf 88' lang='lat' dir='ltr'>plerumque</span> <span class='ocrx_word' id='word_1_33' title='bbox 973 757 1084 812; x_wconf 81' lang='lat' dir='ltr'>mota·</span> 
     </span>
     <span class='ocr_line' id='line_1_6' title="bbox 42 829 1083 929; baseline 0.007 -25"><span class='ocrx_word' id='word_1_34' title='bbox 42 830 146 908; x_wconf 89' lang='lat' dir='ltr'>untur.</span> <span class='ocrx_word' id='word_1_35' title='bbox 200 829 304 928; x_wconf 88' lang='lat' dir='ltr'>Quin</span> <span class='ocrx_word' id='word_1_36' title='bbox 340 831 568 929; x_wconf 81' lang='lat' dir='ltr'>&amp;Lapicidae</span> <span class='ocrx_word' id='word_1_37' title='bbox 606 829 961 926; x_wconf 85' lang='lat' dir='ltr'>Stockholmienses,</span> <span class='ocrx_word' id='word_1_38' title='bbox 1002 849 1083 912; x_wconf 81' lang='lat' dir='ltr'>tan-</span> 
     </span>
     <span class='ocr_line' id='line_1_7' title="bbox 43 929 1084 1022; baseline 0.009 -22"><span class='ocrx_word' id='word_1_39' title='bbox 43 941 109 1002; x_wconf 89' lang='lat' dir='ltr'>tun</span> <span class='ocrx_word' id='word_1_40' title='bbox 134 951 212 1006; x_wconf 90' lang='lat' dir='ltr'>nou</span> <span class='ocrx_word' id='word_1_41' title='bbox 249 951 426 1019; x_wconf 69' lang='lat' dir='ltr'>omnes,</span> <span class='ocrx_word' id='word_1_42' title='bbox 448 943 510 1004; x_wconf 91' lang='lat' dir='ltr'>aut</span> <span class='ocrx_word' id='word_1_43' title='bbox 555 929 697 1002; x_wconf 85' lang='lat' dir='ltr'>calculo</span> <span class='ocrx_word' id='word_1_44' title='bbox 740 932 975 1022; x_wconf 88' lang='lat' dir='ltr'>pulmonum,</span> <span class='ocrx_word' id='word_1_45' title='bbox 1019 947 1084 1010; x_wconf 88' lang='lat' dir='ltr'>aut</span> 
     </span>
     <span class='ocr_line' id='line_1_8' title="bbox 43 1026 1087 1124; baseline 0.008 -24"><span class='ocrx_word' id='word_1_46' title='bbox 43 1026 177 1119; x_wconf 82' lang='lat' dir='ltr'>phthist&#39;,</span> <span class='ocrx_word' id='word_1_47' title='bbox 203 1040 272 1104; x_wconf 86' lang='lat' dir='ltr'>aut</span> <span class='ocrx_word' id='word_1_48' title='bbox 298 1028 508 1121; x_wconf 82' lang='lat' dir='ltr'>haemoptylr</span> <span class='ocrx_word' id='word_1_49' title='bbox 532 1041 752 1117; x_wconf 75' lang='lat' dir='ltr'>enecanturt</span> <span class='ocrx_word' id='word_1_50' title='bbox 793 1030 1087 1124; x_wconf 84' lang='lat' dir='ltr'>quandoquidem</span> 
     </span>
    </p>

    <p class='ocr_par' dir='ltr' id='par_1_4' title="bbox 25 1124 1090 1320">
     <span class='ocr_line' id='line_1_9' title="bbox 45 1124 1088 1220; baseline 0.007 -24"><span class='ocrx_word' id='word_1_51' title='bbox 45 1126 145 1216; x_wconf 86' lang='lat' dir='ltr'>pulvis</span> <span class='ocrx_word' id='word_1_52' title='bbox 161 1126 240 1202; x_wconf 47' lang='lat'>„112</span> <span class='ocrx_word' id='word_1_53' title='bbox 262 1125 385 1204; x_wconf 85' lang='lat' dir='ltr'>tenuis</span> <span class='ocrx_word' id='word_1_54' title='bbox 404 1124 701 1220; x_wconf 80' lang='lat' dir='ltr'>lapidosusadeo</span> <span class='ocrx_word' id='word_1_55' title='bbox 719 1126 956 1218; x_wconf 84' lang='lat' dir='ltr'>penetrabilis</span> <span class='ocrx_word' id='word_1_56' title='bbox 974 1128 1024 1202; x_wconf 81' lang='lat' dir='ltr'>est</span> <span class='ocrx_word' id='word_1_57' title='bbox 1051 1126 1088 1219; x_wconf 66' lang='grc' dir='ltr'>ἃς</span> 
     </span>
     <span class='ocr_line' id='line_1_10' title="bbox 25 1221 1090 1320; baseline 0.009 -28"><span class='ocrx_word' id='word_1_58' title='bbox 25 1222 211 1312; x_wconf 82' lang='lat' dir='ltr'>¹volatilis,</span> <span class='ocrx_word' id='word_1_59' title='bbox 256 1237 303 1297; x_wconf 90' lang='lat' dir='ltr'>ut</span> <span class='ocrx_word' id='word_1_60' title='bbox 340 1223 458 1297; x_wconf 72' lang='lat' dir='ltr'>vesica</span> <span class='ocrx_word' id='word_1_61' title='bbox 490 1223 668 1312; x_wconf 88' lang='lat' dir='ltr'>urinaria,</span> <span class='ocrx_word' id='word_1_62' title='bbox 705 1221 830 1298; x_wconf 84' lang='lat' dir='ltr'>inflata</span> <span class='ocrx_word' id='word_1_63' title='bbox 859 1223 1090 1320; x_wconf 79' lang='lat' dir='ltr'>suspensaque</span> 
     </span>
    </p>

    <p class='ocr_par' dir='ltr' id='par_1_5' title="bbox 49 1319 1215 1619">
     <span class='ocr_line' id='line_1_11' title="bbox 49 1319 1090 1418; baseline 0.009 -29"><span class='ocrx_word' id='word_1_64' title='bbox 49 1319 80 1391; x_wconf 91' lang='lat' dir='ltr'>in</span> <span class='ocrx_word' id='word_1_65' title='bbox 99 1319 246 1396; x_wconf 89' lang='lat' dir='ltr'>officinis</span> <span class='ocrx_word' id='word_1_66' title='bbox 270 1322 437 1410; x_wconf 84' lang='lat' dir='ltr'>illonttn,</span> <span class='ocrx_word' id='word_1_67' title='bbox 463 1319 543 1416; x_wconf 85' lang='lat' dir='ltr'>post</span> <span class='ocrx_word' id='word_1_68' title='bbox 564 1319 725 1396; x_wconf 78' lang='lat' dir='ltr'>exailum</span> <span class='ocrx_word' id='word_1_69' title='bbox 751 1341 911 1412; x_wconf 91' lang='lat' dir='ltr'>annum,</span> <span class='ocrx_word' id='word_1_70' title='bbox 938 1323 1090 1418; x_wconf 78' lang='lat' dir='ltr'>aliquot</span> 
     </span>
     <span class='ocr_line' id='line_1_12' title="bbox 53 1413 1215 1514; baseline 0.007 -26"><span class='ocrx_word' id='word_1_71' title='bbox 53 1413 210 1510; x_wconf 79' lang='lat' dir='ltr'>scrupulos</span> <span class='ocrx_word' id='word_1_72' title='bbox 236 1419 403 1514; x_wconf 87' lang='lat' dir='ltr'>pulveris</span> <span class='ocrx_word' id='word_1_73' title='bbox 432 1418 556 1496; x_wconf 84' lang='lat' dir='ltr'>tenuis</span> <span class='ocrx_word' id='word_1_74' title='bbox 587 1418 738 1514; x_wconf 88' lang='lat' dir='ltr'>lapidoli</span> <span class='ocrx_word' id='word_1_75' title='bbox 768 1419 869 1497; x_wconf 89' lang='lat' dir='ltr'>intus</span> <span class='ocrx_word' id='word_1_76' title='bbox 893 1423 1088 1498; x_wconf 83' lang='lat' dir='ltr'>continete</span> <span class='ocrx_word' id='word_1_77' title='bbox 1209 1437 1215 1454; x_wconf 87' lang='lat'><strong><em>‘</em></strong></span> 
     </span>
     <span class='ocr_line' id='line_1_13' title="bbox 58 1511 1207 1619; baseline 0.012 -35"><span class='ocrx_word' id='word_1_78' title='bbox 58 1511 336 1619; x_wconf 79' lang='lat' dir='ltr'>deprehendatur.</span> <span class='ocrx_word' id='word_1_79' title='bbox 1019 1557 1021 1564; x_wconf 50' lang='grc'>’</span> <span class='ocrx_word' id='word_1_80' title='bbox 1203 1557 1207 1566; x_wconf 64' lang='grc'><strong>’</strong></span> 
     </span>
    </p>
   </div>
   <div class='ocr_carea' id='block_1_3' title="bbox 21 1699 1092 2304">
    <p class='ocr_par' dir='ltr' id='par_1_6' title="bbox 21 1699 1092 2304">
     <span class='ocr_line' id='line_1_14' title="bbox 58 1699 1090 1796; baseline 0.006 -21"><span class='ocrx_word' id='word_1_81' title='bbox 58 1699 297 1792; x_wconf 66' lang='grc' dir='ltr'><strong>“,·Ουοοίτοει</strong></span> <span class='ocrx_word' id='word_1_82' title='bbox 345 1701 601 1796; x_wconf 81' lang='lat' dir='ltr'>opulentiores</span> <span class='ocrx_word' id='word_1_83' title='bbox 650 1699 859 1777; x_wconf 84' lang='lat' dir='ltr'>nostrorum</span> <span class='ocrx_word' id='word_1_84' title='bbox 898 1700 1090 1780; x_wconf 87' lang='lat' dir='ltr'>hominum</span> 
     </span>
     <span class='ocr_line' id='line_1_15' title="bbox 50 1796 1091 1899; baseline 0.012 -34"><span class='ocrx_word' id='word_1_85' title='bbox 50 1796 198 1886; x_wconf 77' lang='lat' dir='ltr'>pulvinos</span> <span class='ocrx_word' id='word_1_86' title='bbox 243 1806 370 1899; x_wconf 73' lang='lat' dir='ltr'>piranis</span> <span class='ocrx_word' id='word_1_87' title='bbox 407 1799 560 1876; x_wconf 84' lang='lat' dir='ltr'>effartot</span> <span class='ocrx_word' id='word_1_88' title='bbox 593 1799 831 1894; x_wconf 84' lang='lat' dir='ltr'>improbant,</span> <span class='ocrx_word' id='word_1_89' title='bbox 873 1799 908 1876; x_wconf 72' lang='lat' dir='ltr'>lt</span> <span class='ocrx_word' id='word_1_90' title='bbox 941 1799 1091 1876; x_wconf 85' lang='lat' dir='ltr'>illorum</span> 
     </span>
     <span class='ocr_line' id='line_1_16' title="bbox 21 1889 1090 1994; baseline 0.009 -26"><span class='ocrx_word' id='word_1_91' title='bbox 21 1889 280 1984; x_wconf 68' lang='lat' dir='ltr'>localitatis.</span> <span class='ocrx_word' id='word_1_92' title='bbox 311 1897 486 1972; x_wconf 86' lang='lat' dir='ltr'>incubant</span> <span class='ocrx_word' id='word_1_93' title='bbox 519 1919 540 1973; x_wconf 87' lang='lat' dir='ltr'>e</span> <span class='ocrx_word' id='word_1_94' title='bbox 580 1897 665 1972; x_wconf 83' lang='lat' dir='ltr'>setis</span> <span class='ocrx_word' id='word_1_95' title='bbox 709 1895 871 1990; x_wconf 84' lang='lat' dir='ltr'>equinis,</span> <span class='ocrx_word' id='word_1_96' title='bbox 916 1900 1090 1994; x_wconf 89' lang='lat' dir='ltr'>quoniam</span> 
     </span>
     <span class='ocr_line' id='line_1_17' title="bbox 49 1991 1092 2094; baseline 0.013 -32"><span class='ocrx_word' id='word_1_97' title='bbox 49 1991 149 2080; x_wconf 82' lang='lat' dir='ltr'>pulvis</span> <span class='ocrx_word' id='word_1_98' title='bbox 171 1996 348 2094; x_wconf 87' lang='lat' dir='ltr'>eplutnis</span> <span class='ocrx_word' id='word_1_99' title='bbox 372 1995 548 2076; x_wconf 84' lang='lat' dir='ltr'>oriundus</span> <span class='ocrx_word' id='word_1_100' title='bbox 571 1995 694 2090; x_wconf 75' lang='lat' dir='ltr'>penus</span> <span class='ocrx_word' id='word_1_101' title='bbox 723 2008 873 2092; x_wconf 80' lang='lat' dir='ltr'>gravat,</span> <span class='ocrx_word' id='word_1_102' title='bbox 904 1997 939 2072; x_wconf 74' lang='lat' dir='ltr'>ot</span> <span class='ocrx_word' id='word_1_103' title='bbox 969 2017 1092 2091; x_wconf 82' lang='lat' dir='ltr'>penne</span> 
     </span>
     <span class='ocr_line' id='line_1_18' title="bbox 21 2085 1091 2190; baseline 0.002 -20"><span class='ocrx_word' id='word_1_104' title='bbox 21 2085 110 2170; x_wconf 79' lang='lat' dir='ltr'>‘ive</span> <span class='ocrx_word' id='word_1_105' title='bbox 134 2095 265 2185; x_wconf 83' lang='lat' dir='ltr'>pluma</span> <span class='ocrx_word' id='word_1_106' title='bbox 289 2094 410 2188; x_wconf 90' lang='lat' dir='ltr'>quoad</span> <span class='ocrx_word' id='word_1_107' title='bbox 435 2094 737 2190; x_wconf 83' lang='lat' dir='ltr'>demuiqcumque</span> <span class='ocrx_word' id='word_1_108' title='bbox 774 2111 982 2190; x_wconf 80' lang='lat' dir='ltr'>coquatur,</span> <span class='ocrx_word' id='word_1_109' title='bbox 1027 2097 1091 2172; x_wconf 84' lang='lat' dir='ltr'>vit</span> 
     </span>
     <span class='ocr_line' id='line_1_19' title="bbox 50 2191 461 2304; baseline 0.034 -46"><span class='ocrx_word' id='word_1_110' title='bbox 50 2193 153 2274; x_wconf 87' lang='lat' dir='ltr'>tamen</span> <span class='ocrx_word' id='word_1_111' title='bbox 171 2191 361 2304; x_wconf 69' lang='lat' dir='ltr'>solvitur.¹</span> <span class='ocrx_word' id='word_1_112' title='bbox 457 2291 461 2298; x_wconf 24' lang='lat'><em>¹</em></span> 
     </span>
    </p>
   </div>
   <div class='ocr_carea' id='block_1_4' title="bbox 46 2371 1186 2869">
    <p class='ocr_par' dir='ltr' id='par_1_7' title="bbox 46 2371 1186 2869">
     <span class='ocr_line' id='line_1_20' title="bbox 106 2371 1092 2486; baseline 0.001 -35"><span class='ocrx_word' id='word_1_113' title='bbox 106 2371 146 2470; x_wconf 86' lang='lat' dir='ltr'>ln</span> <span class='ocrx_word' id='word_1_114' title='bbox 174 2375 356 2476; x_wconf 85' lang='lat' dir='ltr'>superiori</span> <span class='ocrx_word' id='word_1_115' title='bbox 381 2390 486 2472; x_wconf 83' lang='lat' dir='ltr'>parte</span> <span class='ocrx_word' id='word_1_116' title='bbox 513 2377 585 2454; x_wconf 88' lang='lat' dir='ltr'>nair</span> <span class='ocrx_word' id='word_1_117' title='bbox 609 2378 719 2472; x_wconf 77' lang='lat' dir='ltr'>etiam</span> <span class='ocrx_word' id='word_1_118' title='bbox 738 2396 916 2486; x_wconf 84' lang='lat' dir='ltr'>organum</span> <span class='ocrx_word' id='word_1_119' title='bbox 940 2376 1092 2452; x_wconf 81' lang='lat' dir='ltr'>olfattus</span> 
     </span>
     <span class='ocr_line' id='line_1_21' title="bbox 46 2462 1186 2570; baseline 0.007 -33"><span class='ocrx_word' id='word_1_120' title='bbox 46 2462 186 2560; x_wconf 57' lang='lat' dir='ltr'>,creator</span> <span class='ocrx_word' id='word_1_121' title='bbox 223 2474 443 2570; x_wconf 85' lang='lat' dir='ltr'>constituit,</span> <span class='ocrx_word' id='word_1_122' title='bbox 484 2477 545 2552; x_wconf 87' lang='lat' dir='ltr'>ad·</span> <span class='ocrx_word' id='word_1_123' title='bbox 561 2479 708 2562; x_wconf 78' lang='lat' dir='ltr'>odorem,</span> <span class='ocrx_word' id='word_1_124' title='bbox 748 2473 888 2544; x_wconf 86' lang='lat' dir='ltr'>viribus</span> <span class='ocrx_word' id='word_1_125' title='bbox 911 2475 1003 2546; x_wconf 79' lang='lat' dir='ltr'>vitae</span> <span class='ocrx_word' id='word_1_126' title='bbox 1028 2490 1092 2545; x_wconf 88' lang='lat' dir='ltr'>aut</span> <span class='ocrx_word' id='word_1_127' title='bbox 1184 2521 1186 2528; x_wconf 68' lang='lat'>,</span> 
     </span>
     <span class='ocr_line' id='line_1_22' title="bbox 53 2562 1093 2664; baseline -0.01 -8"><span class='ocrx_word' id='word_1_128' title='bbox 53 2562 213 2656; x_wconf 83' lang='lat' dir='ltr'>slstemati</span> <span class='ocrx_word' id='word_1_129' title='bbox 236 2571 398 2652; x_wconf 88' lang='lat' dir='ltr'>nervoso</span> <span class='ocrx_word' id='word_1_130' title='bbox 422 2575 602 2664; x_wconf 86' lang='lat' dir='ltr'>noxium,</span> <span class='ocrx_word' id='word_1_131' title='bbox 639 2569 895 2660; x_wconf 89' lang='lat' dir='ltr'>indicandum,</span> <span class='ocrx_word' id='word_1_132' title='bbox 927 2586 969 2643; x_wconf 96' lang='lat' dir='ltr'>ut</span> <span class='ocrx_word' id='word_1_133' title='bbox 1001 2587 1093 2646; x_wconf 85' lang='lat' dir='ltr'>tem-</span> 
     </span>
     <span class='ocr_line' id='line_1_23' title="bbox 53 2665 1093 2776; baseline 0.006 -36"><span class='ocrx_word' id='word_1_134' title='bbox 53 2665 171 2776; x_wconf 71' lang='lat' dir='ltr'>pestive</span> <span class='ocrx_word' id='word_1_135' title='bbox 186 2671 314 2748; x_wconf 91' lang='lat' dir='ltr'>omnia</span> <span class='ocrx_word' id='word_1_136' title='bbox 342 2671 616 2768; x_wconf 78' lang='lat' dir='ltr'>graveolentia,</span> <span class='ocrx_word' id='word_1_137' title='bbox 658 2667 848 2758; x_wconf 86' lang='lat' dir='ltr'>volatilia,</span> <span class='ocrx_word' id='word_1_138' title='bbox 893 2666 1093 2747; x_wconf 67' lang='lat' dir='ltr'>&amp;nature</span> 
     </span>
     <span class='ocr_line' id='line_1_24' title="bbox 52 2767 399 2869; baseline 0.009 -26"><span class='ocrx_word' id='word_1_139' title='bbox 52 2767 179 2849; x_wconf 79' lang='lat' dir='ltr'>iutuitu</span> <span class='ocrx_word' id='word_1_140' title='bbox 202 2771 399 2869; x_wconf 79' lang='lat' dir='ltr'>fugiamus.</span> 
     </span>
    </p>
   </div>
   <div class='ocr_carea' id='block_1_5' title="bbox 155 2948 657 3070">
    <p class='ocr_par' dir='ltr' id='par_1_8' title="bbox 155 2948 657 3070">
     <span class='ocr_line' id='line_1_25' title="bbox 155 2948 657 3070; baseline 0.002 -19"><span class='ocrx_word' id='word_1_141' title='bbox 155 2971 157 2980; x_wconf 69' lang='grc'><strong>“</strong></span> <span class='ocrx_word' id='word_1_142' title='bbox 274 2989 285 3006; x_wconf 53' lang='grc'><strong><em>“</em></strong></span> <span class='ocrx_word' id='word_1_143' title='bbox 357 2948 361 3018; x_wconf 82' lang='grc' dir='ltr'>Γ</span> <span class='ocrx_word' id='word_1_144' title='bbox 470 2981 505 3070; x_wconf 76' lang='lat' dir='ltr'>q,</span> <span class='ocrx_word' id='word_1_145' title='bbox 554 2972 657 3054; x_wconf 80' lang='lat' dir='ltr'>vlu.</span> 
     </span>
    </p>
   </div>
   <div class='ocr_carea' id='block_1_6' title="bbox 54 3159 1245 4133">
    <p class='ocr_par' dir='ltr' id='par_1_9' title="bbox 54 3159 1245 3354">
     <span class='ocr_line' id='line_1_26' title="bbox 54 3159 1245 3266; baseline 0.002 -30"><span class='ocrx_word' id='word_1_146' title='bbox 54 3181 66 3266; x_wconf 73' lang='lat'>&#39;.</span> <span class='ocrx_word' id='word_1_147' title='bbox 115 3159 277 3242; x_wconf 85' lang='lat' dir='ltr'>Omnem</span> <span class='ocrx_word' id='word_1_148' title='bbox 306 3163 440 3257; x_wconf 91' lang='lat' dir='ltr'>ubique</span> <span class='ocrx_word' id='word_1_149' title='bbox 466 3168 588 3238; x_wconf 63' lang='lat' dir='ltr'>aerem</span> <span class='ocrx_word' id='word_1_150' title='bbox 609 3160 717 3237; x_wconf 89' lang='lat' dir='ltr'>unius</span> <span class='ocrx_word' id='word_1_151' title='bbox 751 3161 985 3264; x_wconf 70' lang='lat' dir='ltr'>ejusdemque</span> <span class='ocrx_word' id='word_1_152' title='bbox 1024 3161 1097 3238; x_wconf 80' lang='lat' dir='ltr'>elie</span> <span class='ocrx_word' id='word_1_153' title='bbox 1240 3205 1245 3212; x_wconf 79' lang='lat'><strong><em>‚</em></strong></span> 
     </span>
     <span class='ocr_line' id='line_1_27' title="bbox 55 3255 1103 3354; baseline -0.001 -28"><span class='ocrx_word' id='word_1_154' title='bbox 55 3255 199 3354; x_wconf 78' lang='lat' dir='ltr'>indolis,</span> <span class='ocrx_word' id='word_1_155' title='bbox 227 3263 323 3338; x_wconf 83' lang='lat' dir='ltr'>haud</span> <span class='ocrx_word' id='word_1_156' title='bbox 345 3255 538 3336; x_wconf 85' lang='lat' dir='ltr'>difficulter</span> <span class='ocrx_word' id='word_1_157' title='bbox 567 3260 735 3354; x_wconf 86' lang='lat' dir='ltr'>quispiam</span> <span class='ocrx_word' id='word_1_158' title='bbox 774 3259 952 3334; x_wconf 88' lang='lat' dir='ltr'>crederet.</span> <span class='ocrx_word' id='word_1_159' title='bbox 1025 3257 1103 3334; x_wconf 82' lang='lat' dir='ltr'>Sed.</span> 
     </span>
    </p>

    <p class='ocr_par' dir='ltr' id='par_1_10' title="bbox 56 3356 1196 4133">
     <span class='ocr_line' id='line_1_28' title="bbox 56 3356 1196 3458; baseline 0.006 -34"><span class='ocrx_word' id='word_1_160' title='bbox 56 3359 162 3434; x_wconf 86' lang='lat' dir='ltr'>multis</span> <span class='ocrx_word' id='word_1_161' title='bbox 183 3359 450 3436; x_wconf 82' lang='lat' dir='ltr'>variationibus</span> <span class='ocrx_word' id='word_1_162' title='bbox 470 3357 779 3458; x_wconf 78' lang='lat' dir='ltr'>ratiqneftigoris</span> <span class='ocrx_word' id='word_1_163' title='bbox 796 3357 831 3430; x_wconf 74' lang='lat' dir='ltr'>ot</span> <span class='ocrx_word' id='word_1_164' title='bbox 847 3356 1002 3444; x_wconf 79' lang='lat' dir='ltr'>caloris,</span> <span class='ocrx_word' id='word_1_165' title='bbox 1032 3357 1097 3434; x_wconf 81' lang='lat' dir='ltr'>stc-</span> <span class='ocrx_word' id='word_1_166' title='bbox 1192 3412 1196 3434; x_wconf 83' lang='lat'><strong>.</strong></span> 
     </span>
     <span class='ocr_line' id='line_1_29' title="bbox 58 3449 1096 3552; baseline 0.01 -30"><span class='ocrx_word' id='word_1_167' title='bbox 58 3449 164 3532; x_wconf 89' lang='lat' dir='ltr'>citatis</span> <span class='ocrx_word' id='word_1_168' title='bbox 190 3458 227 3533; x_wconf 76' lang='grc' dir='ltr'>δι</span> <span class='ocrx_word' id='word_1_169' title='bbox 245 3457 495 3552; x_wconf 79' lang='lat' dir='ltr'>humiditatis,</span> <span class='ocrx_word' id='word_1_170' title='bbox 521 3455 741 3530; x_wconf 78' lang='lat' dir='ltr'>levitatis&amp;</span> <span class='ocrx_word' id='word_1_171' title='bbox 766 3453 966 3550; x_wconf 84' lang='lat' dir='ltr'>ponderis,</span> <span class='ocrx_word' id='word_1_172' title='bbox 1002 3477 1096 3532; x_wconf 85' lang='lat' dir='ltr'>rare·</span> 
     </span>
     <span class='ocr_line' id='line_1_30' title="bbox 56 3543 1096 3648; baseline 0.003 -23"><span class='ocrx_word' id='word_1_173' title='bbox 56 3543 207 3632; x_wconf 73' lang='lat' dir='ltr'>sallionis</span> <span class='ocrx_word' id='word_1_174' title='bbox 252 3555 532 3646; x_wconf 79' lang='lat' dir='ltr'>&amp;denfitatis,</span> <span class='ocrx_word' id='word_1_175' title='bbox 569 3552 841 3648; x_wconf 87' lang='lat' dir='ltr'>tranquillitatis</span> <span class='ocrx_word' id='word_1_176' title='bbox 876 3551 910 3624; x_wconf 65' lang='grc' dir='ltr'>ἃ</span> <span class='ocrx_word' id='word_1_177' title='bbox 941 3553 1096 3642; x_wconf 81' lang='lat' dir='ltr'>flaminis</span> 
     </span>
     <span class='ocr_line' id='line_1_31' title="bbox 57 3643 1096 3752; baseline 0.009 -35"><span class='ocrx_word' id='word_1_178' title='bbox 57 3643 215 3746; x_wconf 74' lang='lat' dir='ltr'>‘subjetlus</span> <span class='ocrx_word' id='word_1_179' title='bbox 237 3651 314 3747; x_wconf 77' lang='lat' dir='ltr'>est,</span> <span class='ocrx_word' id='word_1_180' title='bbox 339 3669 576 3752; x_wconf 84' lang='lat' dir='ltr'>praeterquam</span> <span class='ocrx_word' id='word_1_181' title='bbox 604 3651 702 3746; x_wconf 90' lang='lat' dir='ltr'>quod</span> <span class='ocrx_word' id='word_1_182' title='bbox 726 3649 836 3728; x_wconf 87' lang='lat' dir='ltr'>variis</span> <span class='ocrx_word' id='word_1_183' title='bbox 860 3643 1010 3732; x_wconf 76' lang='lat' dir='ltr'>‚misceri</span> <span class='ocrx_word' id='word_1_184' title='bbox 1041 3651 1096 3726; x_wconf 89' lang='lat' dir='ltr'>so-</span> 
     </span>
     <span class='ocr_line' id='line_1_32' title="bbox 57 3739 1096 3847; baseline 0.006 -29"><span class='ocrx_word' id='word_1_185' title='bbox 57 3739 101 3818; x_wconf 90' lang='lat' dir='ltr'>let</span> <span class='ocrx_word' id='word_1_186' title='bbox 123 3752 328 3828; x_wconf 79' lang='lat' dir='ltr'>volatilium</span> <span class='ocrx_word' id='word_1_187' title='bbox 357 3771 552 3847; x_wconf 86' lang='lat' dir='ltr'>corporum</span> <span class='ocrx_word' id='word_1_188' title='bbox 591 3747 907 3840; x_wconf 85' lang='lat' dir='ltr'>exhalationibus,</span> <span class='ocrx_word' id='word_1_189' title='bbox 962 3773 1039 3845; x_wconf 84' lang='lat' dir='ltr'>quae</span> <span class='ocrx_word' id='word_1_190' title='bbox 1074 3771 1096 3824; x_wconf 84' lang='lat' dir='ltr'>e</span> 
     </span>
     <span class='ocr_line' id='line_1_33' title="bbox 60 3846 1095 3945; baseline 0.003 -28"><span class='ocrx_word' id='word_1_191' title='bbox 60 3851 142 3921; x_wconf 81' lang='lat' dir='ltr'>tetre</span> <span class='ocrx_word' id='word_1_192' title='bbox 166 3847 398 3927; x_wconf 85' lang='lat' dir='ltr'>adscendunt.</span> <span class='ocrx_word' id='word_1_193' title='bbox 449 3847 662 3945; x_wconf 88' lang='lat' dir='ltr'>Singulatim</span> <span class='ocrx_word' id='word_1_194' title='bbox 683 3846 727 3918; x_wconf 89' lang='lat' dir='ltr'>de</span> <span class='ocrx_word' id='word_1_195' title='bbox 750 3846 806 3920; x_wconf 90' lang='lat' dir='ltr'>his</span> <span class='ocrx_word' id='word_1_196' title='bbox 827 3867 956 3944; x_wconf 83' lang='lat' dir='ltr'>agere,</span> <span class='ocrx_word' id='word_1_197' title='bbox 986 3849 1095 3922; x_wconf 88' lang='lat' dir='ltr'>nimis</span> 
     </span>
     <span class='ocr_line' id='line_1_34' title="bbox 56 3935 1184 4116; baseline 0.003 -104"><span class='ocrx_word' id='word_1_198' title='bbox 56 3935 117 4038; x_wconf 88' lang='lat' dir='ltr'>jam</span> <span class='ocrx_word' id='word_1_199' title='bbox 138 3949 286 4044; x_wconf 79' lang='lat' dir='ltr'>longum</span> <span class='ocrx_word' id='word_1_200' title='bbox 312 3949 436 4048; x_wconf 80' lang='lat' dir='ltr'>foret,</span> <span class='ocrx_word' id='word_1_201' title='bbox 468 3967 578 4042; x_wconf 85' lang='lat' dir='ltr'>quum</span> <span class='ocrx_word' id='word_1_202' title='bbox 603 3942 744 4116; x_wconf 47' lang='lat' dir='ltr'>insuper</span> <span class='ocrx_word' id='word_1_203' title='bbox 777 3945 896 4022; x_wconf 84' lang='lat' dir='ltr'>otium</span> <span class='ocrx_word' id='word_1_204' title='bbox 924 3943 1012 4030; x_wconf 87' lang='lat' dir='ltr'>mihi</span> <span class='ocrx_word' id='word_1_205' title='bbox 1042 3941 1096 4016; x_wconf 85' lang='lat' dir='ltr'>fe·</span> <span class='ocrx_word' id='word_1_206' title='bbox 1178 4024 1184 4032; x_wconf 24' lang='lat'>⁸</span> 
     </span>
     <span class='ocr_line' id='line_1_35' title="bbox 60 4041 1120 4133; baseline -0.006 -13"><span class='ocrx_word' id='word_1_207' title='bbox 60 4103 71 4133; x_wconf 68' lang='lat'><em>„</em></span> <span class='ocrx_word' id='word_1_208' title='bbox 102 4041 192 4124; x_wconf 74' lang='lat' dir='ltr'>‘lent</span> <span class='ocrx_word' id='word_1_209' title='bbox 225 4045 335 4124; x_wconf 81' lang='lat' dir='ltr'><strong><em>VIII.</em></strong></span> <span class='ocrx_word' id='word_1_210' title='bbox 1015 4061 1120 4118; x_wconf 83' lang='lat' dir='ltr'>vete·</span> 
     </span>
    </p>
   </div>
   <div class='ocr_carea' id='block_1_7' title="bbox 0 0 1357 4824">
    <p class='ocr_par' dir='ltr' id='par_1_11' title="bbox 0 0 1357 4824">
     <span class='ocr_line' id='line_1_36' title="bbox 0 0 1357 4824; baseline 0 0"><span class='ocrx_word' id='word_1_211' title='bbox 0 0 1357 4824; x_wconf 95' lang='lat' dir='ltr'> </span> 
     </span>
    </p>
   </div>
  </div>
 </body>
</html>
