2730 4838
336 231 527 312 trouu
560 231 838 314 saturnum
1041 237 1147 334 m.

35 403 199 510 ginosa,
227 411 417 506 umbrosa,
440 433 510 490 uec
539 431 616 492 non
644 411 820 510 cespitose
848 433 893 488 ea
915 413 1000 490 loca
1026 413 1116 509 srntg

32 505 192 586 necesse
226 509 307 600 est,
346 512 385 588 in
417 511 546 608 quibus
585 512 766 587 luxuriare
799 507 905 586 Ledo
939 506 1114 607 placebltr

36 607 162 683 Unde
185 606 339 686 difficilis
357 611 432 706 ejus
460 611 603 688 cultura
619 609 657 686 in
673 607 792 685 hortis
811 609 952 699 existit,
980 611 1016 686 dc
1037 609 1115 688 fere

36 703 290 801 impossibilis,
315 707 380 784 nifi
406 705 558 785 inlotis
580 705 781 796 umbrosa,
805 695 869 780 ubi
888 721 1013 785 tamen
1029 731 1115 785 raro
1214 701 1220 712 “

40 806 122 878 sert
152 803 292 895 flores3
325 826 417 902 quos
447 805 597 884 stiorte
630 805 836 902 proferret,
866 825 935 879 nec
964 821 1026 881 tot
1056 807 1114 884 so·
1248 806 1250 814 ⁴

43 905 155 994 rent,
183 915 276 996 quot
303 904 342 982 in
371 904 450 979 solo
484 903 595 978 natali
631 902 789 997 squalido
818 901 1002 998 producit.
1053 903 1116 1020 Ad

43 997 232 1076 montium
260 998 296 1076 dr
319 1003 462 1098 rupium
484 1002 598 1077 latera
619 997 740 1098 pallito
760 999 913 1091 crescit,
937 999 1000 1078 ubl
1024 1023 1115 1110 aqut

41 1097 170 1188 adest,
195 1116 274 1192 quae
293 1101 452 1176 radicem
470 1097 598 1196 irriget
616 1096 770 1175 siccitati
797 1097 1002 1191 inimicam,
1030 1123 1114 1184 cum

39 1189 162 1271 musci
190 1195 225 1269 dt
250 1197 390 1272 radices
420 1199 581 1274 minores
616 1207 824 1288 contortae,
858 1195 1016 1272 'radicem
1042 1197 1114 1294 Leff

40 1293 107 1382 di,
135 1293 266 1391 exigua
290 1295 438 1390 sparsam
472 1307 592 1388 terra,
619 1308 813 1392 tegentes,
845 1293 1001 1372 stoream
1024 1317 1114 1400 con3

40 1392 178 1470 ficiunt
202 1391 367 1484 densam,
396 1417 474 1490 qua
496 1392 636 1488 semper
664 1391 864 1468 madida&
890 1390 1010 1488 palbni
1035 1393 1114 1469 sub-

40 1503 110 1566 tus
150 1489 221 1566 iitu
262 1495 470 1581 maculata,
517 1489 675 1568 odorem
719 1489 830 1566 adflat
874 1490 1115 1586 mephiticum

42 1581 215 1682 (mum).
266 1588 372 1683 Nec,
403 1589 552 1683 cumin
569 1589 662 1664 iocis
683 1586 869 1683 cespitosrs
897 1589 1034 1681 floret,
1059 1606 1115 1664 raa

43 1685 111 1761 dix
136 1687 215 1780 ejus
243 1683 319 1762 sola
345 1703 444 1764 terra
471 1698 616 1766 tantum
645 1699 776 1782 operta
799 1683 872 1762 est:
900 1683 1114 1782 plerumqud

44 1784 241 1880 Sphagno,
266 1805 336 1862 nec
359 1807 440 1864 nou
459 1785 539 1862 ullis
563 1783 716 1882 moscin
748 1781 999 1880 oraturus,
1029 1795 1116 1862 toti

48 1883 363 1982 circumcingitur.

148 2003 296 2086 Illorum
329 2005 556 2086 consortium
583 2001 724 2083 Ledum
757 2005 836 2084 non
866 2007 1026 2111 tolerat,
1050 2029 1098 2083 ne

53 2123 123 2198 que
147 2103 282 2183 inuno
309 2107 398 2183 loco
425 2127 509 2182 curn
534 2105 604 2181 illis
624 2119 896 2195 commoratur,
921 2127 999 2201 quae
1027 2047 1116 2182 iuni

47 2213 112 2276 aut
135 2198 330 2281 altitudine
350 2215 513 2300 equant,
543 2216 607 2280 aut
630 2203 763 2287 lctiori
786 2201 954 2280 crescunt
969 2201 1114 2302 vigore.

44 2299 102 2374 At
130 2299 340 2400 sphagnun
362 2301 471 2380 Ledo
493 2300 643 2380 videtur
667 2299 935 2392 amiciffimum,
965 2314 1008 2376 ut
1040 2301 1115 2385 sess

46 2397 303 2514 amplectentia
336 2421 409 2477 una
440 2400 511 2478 frui
552 2387 745 2512 videantur
780 2397 939 2518 nutrice.
1006 2397 1114 2492 Ledo

45 2493 747 2692 {sallustianorum
777 2497 1016 2592 ΜΜΜΜ
1038 2495 1113 2579 Μ

148 2718 267 2796 Extra
297 2717 392 2798 fines
422 2714 559 2794 Sueciae
592 2713 786 2811 sylvaticas
812 2709 892 2792 haec
923 2716 1048 2812 planta
1074 2715 1116 2792 in

39 2817 260 2916 regionibus
294 2816 476 2910 exoticis,
516 2814 681 2912 inprimis
713 2814 946 2908 borealibus,
988 2814 1114 2910 paucis

41 2918 164 2992 obvia
196 2916 261 2996 cil.
318 2915 363 2994 In
389 2919 513 2994 sutria
540 2913 675 3010 ubique
704 2912 884 3006 nascitur,
921 2931 1036 3007 usque
1068 2911 1114 3012 ad

43 3017 313 3112 Kamrsclarlrcm
341 3013 394 3102 c).
441 3011 574 3090 Multis
601 3011 640 3088 in
679 3013 861 3087 Germanic
898 3010 1115 3110 regionibus

41 3113 235 3202 occurrit,
267 3113 377 3190 utin
410 3115 558 3190 Sacrouir
573 3106 648 3204 f),
688 3110 830 3208 Lusatia
851 3104 921 3204 g),
970 3109 1116 3184 Thurin-

36 3219 101 3308 gia
124 3207 191 3304 b),
213 3213 366 3288 Bcbcrnio
380 3206 415 3303 i)
432 3209 467 3286 ἁ
487 3209 618 3306 Silefiu:
643 3230 713 3285 nce
731 3205 970 3316 Dauirinvisa
988 3202 1053 3296 ir),
1076 3205 1113 3280 dt

438 3386 443 3399 x
580 3307 604 3380 S
629 3329 650 3401 3
1010 3305 1116 3380 Nor·
1236 3375 1240 3382 .

79 3511 120 3589 e)
145 3507 242 3574 Girrei.
270 3507 350 3573 lior.
376 3505 471 3580 surr.

72 3617 129 3704 f)
151 3617 240 3682 Teste
267 3616 393 3700 suppra.

78 3727 126 3810 g)
147 3725 280 3788 Auctore
315 3711 426 3810 elafio(

81 3835 127 3916 h)
145 3833 308 3898 Referente
331 3825 517 3898 Martiale.
608 3819 612 3826 ’

83 3943 119 4024 i)
140 3919 207 4002 Cir.
236 3933 372 4021 Clufium.

87 4049 130 4134 lt)
155 4045 228 4142 illd.
253 4041 337 4130 slot,
358 4041 443 4118 Dan.
538 4105 545 4128 ,
