2670 4824
66 293 68 302 ’
116 287 485 378 ῒϋΝΒΑΜΕΝΤΑ
507 290 973 378 TESTACEOLOGLAE.
1012 320 1081 400 ¹¹³

471 475 508 566 ὃ.
564 477 614 556 11.

105 625 311 704 Necessario
333 629 372 706 in
399 627 552 710 scientia
575 627 735 726 qualibet
767 627 1079 724 commendanda,

43 749 131 821 quem
159 719 258 805 usu'm
278 727 402 804 erdem
423 729 591 826 praestet,
620 727 846 824 disquiritur,
888 727 1084 829 Impuden-

44 839 89 898 tes
110 839 225 902 eutem
247 823 446 921 fronteque
465 826 548 904 saue
563 829 652 905 dura
667 825 766 916 sunt,
801 825 861 922 qui
884 825 985 900 usum
1006 823 1083 900 Te·

43 921 250 1036 battologiae
287 945 436 1000 omnem
469 948 613 1024 negare¹
629 924 839 1000 sustineant.
889 919 948 997 Eo
985 923 1084 1000 enim

46 1019 225 1094 insolentrae
254 1022 506 1118 processerunt
530 1023 723 1114 nonnulli,
751 1037 793 1100 ut
815 1019 975 1096 statuere
1006 1041 1085 1098 non

46 1117 255 1210 erubuerint,
284 1119 455 1196 testarum
486 1120 685 1206 dobbrinam
724 1120 821 1202 inter
848 1141 908 1192 res
939 1118 1085 1214 ineptas

48 1215 197 1292 &inania
235 1238 435 1312 pueromm
483 1219 679 1314 crepundia
711 1217 781 1292 esse
829 1215 1084 1306 referendam,
1195 1223 1198 1232 “

49 1335 100 1388 nec
124 1311 273 1408 sapienti
309 1315 460 1390 homine
506 1316 665 1414 dignam.¹
714 1313 880 1402 Errfinus
916 1329 1018 1389 certe
1047 1312 1088 1404 ip

54 1411 228 1504 proverbiis
270 1411 341 1488 suis
380 1413 591 1507 hominem,
645 1411 704 1510 qui
743 1411 871 1520 nugis·
901 1411 1087 1510 gestisque

58 1519 160 1602 tenpus
193 1510 344 1608 perdit,
381 1507 645 1608 descripturus,
688 1511 776 1588 illud
803 1511 920 1613 ⁸velut
963 1529 1088 1598 exem·
1179 1543 1185 1558 r

55 1606 122 1776 ΕΔΗ]
149 1607 316 1686 laborum
346 1607 537 1690 irrisorum
566 1609 707 1700 adfert,
749 1609 848 1702 quod
886 1608 918 1681 is
948 1611 1088 1686 conchis

55 1798 61 1812 ι
107 1703 160 1784 rs.
190 1709 340 1782 conchas
359 1711 457 1802 legar.
501 1705 551 1782 Et
568 1707 685 1784 cuivis
704 1705 786 1782 sane
815 1703 1007 1794 maximam
1033 1705 1089 1780 in·

51 1798 149 1894 rident
171 1803 468 1902 indignationem
494 1823 691 1896 veterum„
719 1805 796 1878 imo
822 1803 933 1882 etiam
959 1823 1087 1880 recen·

54 1896 158 1976 tiomm
199 1901 450 1998 quorundam,
491 1903 535 1980 ad
565 1903 659 1980 hanc
685 1902 871 1981 scientiam
902 1901 1088 2000 praesatio·

57 2014 116 2088 ner,
144 2021 225 2078 nrm
245 2014 311 2076 tot
341 2003 527 2098 tantisque
554 2001 764 2100 ambagibus
783 2000 819 2077 se
840 2001 905 2075 has
923 1999 1001 2077 suas
1034 2001 1088 2074 lu·
1203 2001 1208 2010 ‘

58 2093 286 2188 tubrationes,
315 2113 379 2174 aut
406 2121 426 2174 a
453 2099 549 2176 curis
577 2099 845 2184 sublimioribus
870 2111 913 2180 ut
936 2096 1007 2173 sese
1026 2095 1089 2182 ali·

54 2210 104 2298 {1110
122 2197 229 2272 modo
261 2193 518 2291 sublevarent,
543 2216 606 2282 rut
634 2197 854 2284 inelusiabili
884 2195 1088 2272 amicorum

54 2293 195 2386 mpulsu,
250 2307 316 2370 aut
360 2295 576 2374 audoritate
622 2294 848 2392 superiorum
905 2293 1087 2386 coartor,

55 2389 286 2494 conscripfiffe,
316 2394 541 2490 publicaeque
565 2395 639 2470 luci
666 2413 853 2490 exponere
884 2388 1088 2480 affirmant3
1205 2394 1207 2406 '

55 2487 192 2572 quasane
206 2489 416 2587 praejudicia
434 2491 470 2566 in
487 2494 747 2569 nonnullorum
768 2488 940 2564 cordibus
959 2487 1088 2562 etiam·

54 2597 120 2658 num
140 2589 247 2664 eheu!
275 2590 366 2664 altre
404 2589 580 2664 videntur
603 2589 710 2686 egisse
738 2587 890 2682 radices.
941 2583 1089 2688 Interea

56 2685 335 2790 timenbreviter
351 2685 561 2782 ostendam,
589 2707 665 2762 non
690 2684 856 2782 exiguam
891 2681 1000 2758 testas
1024 2702 1087 2782 ge·

56 2789 114 2849 nen
134 2779 292 2860 humano
318 2788 480 2882 praebere
504 2783 715 2862 utilitatem.
1032 2787 1036 2793 ’

109 3009 163 3086 ,Ut
200 3011 301 3090 enim
343 3007 446 3086 usum
495 3007 738 3111 testaceorum
779 3009 1088 3106 exoptatissimum

58 3121 238 3194 preteream
260 3107 411 3184 Tbeolo
439 3105 556 3198 icum,
598 3107 695 3201 quod
723 3104 868 3189 summa
898 3104 1086 3194 Creatorir
1127 3191 1130 3196 ,

58 3205 271 3291 postiliones
298 3220 376 3280 'tot
461 3205 590 3300 pendis
632 3203 670 3278 se
702 3205 861 3299 prodant
900 3203 1085 3289 artificiis:

58 3316 108 3374 ner
128 3308 296 3388 eximiam,
312 3304 470 3381 adseram
504 3326 551 3376 er.
572 3317 678 3384 tenta
719 3302 900 3388 varietate
932 3325 1087 3398 operum

61 3396 322 3488 rinirandorum
351 3401 651 3490 deletlationem,
678 3399 870 3494 qua‘testae
899 3401 1085 3494 omnibus,

61 3498 186 3580 illinon
209 3519 285 3578 tam
312 3500 421 3575 anxio
439 3499 693 3574 ventriculum
721 3498 806 3571 cibd
832 3514 995 3592 potuque
1021 3498 1087 3574 im·

61 3591 157 3679 plenu
189 3600 338 3692 studio,
375 3619 479 3692 quam
518 3595 765 3692 jucundissima
795 3599 922 3692 potius
966 3615 1098 3677 rerum,

64 3706 235 3776 creatarum
261 3695 578 3790 contemplrtione
603 3694 806 3786 ducuntur,
841 3717 921 3788 prae
944 3697 1086 3771 ceteris

63 3781 364 3888 stcommendantr
405 3793 482 3868 aliis
520 3813 664 3888 quoque
699 3792 734 3866 dr
771 3795 915 3886 quidem
947 3795 1087 3888 maguis

66 3879 294 3970 emolumentis
315 3891 530 3968 felicitatem
566 3884 723 3966 nostram
748 3893 941 4006 adaugent.
1004 3893 1088 3974 Colx

68 3987 318 4090 obstrepent
345 3989 601 4090 scaturiginem
626 4008 674 4064 ex
710 3987 856 4066 animab
879 4008 1028 4098 regno,
1055 3987 1090 4060 dr

481 4081 798 4188 ure.
922 4101 1091 4184 promam
1251 4191 1255 4198 Ι
